2051 3336
1348 347 1384 378 in
1410 346 1577 379 omnibus

1348 404 1498 437 Theocr.
1524 414 1574 437 cc.
1618 401 1675 435 'in
1701 413 1749 436 cc.
1781 402 1866 436 dub.

1427 473 1505 505 gen.

171 387 409 412 consonarum

196 437 383 469 iuncturae

489 402 526 434 in
551 411 602 435 cc.
629 401 710 434 buc.
763 402 800 433 in
826 412 876 435 cc.
902 402 998 435 mim'.
1076 401 1113 433 in
1140 412 1189 435 cc.
1218 413 1270 446 ep.

1462 571 1481 600 3

1462 628 1481 657 6

1461 685 1481 716 6

1463 743 1481 773 7

1438 799 1480 831 23

1460 858 1481 888 4

570 583 615 1051 Ιι-ιΞΙαιωΙ--Ι

866 583 903 1060 ωιμιμι-ικιωυ-ιωΙ

1726 586 1773 1054 loomim—»fill

104 1262 209 1312 rante
239 1274 301 1324 τλ,
330 1288 401 1326 γμ,
432 1271 503 1326 Gn,
532 1287 601 1326 γν,
631 1271 685 1312 ὃν
715 1285 932 1324 numquam
962 1273 1161 1324 reperitur
1192 1272 1351 1324 syllaba
1383 1278 1576 1324 correpta.

226 1343 413 1394 Magnam
457 1354 554 1381 vero
595 1341 736 1380 harum
787 1341 1080 1394 correptionum
1139 1347 1292 1394 partem
1347 1339 1481 1396 (LIII)
1534 1342 1592 1381 ita
1638 1348 1905 1394 comparatam

54 1403 68 1406 ”
108 1424 195 1451 esse
240 1412 418 1465 adparet,
462 1416 507 1449 ut
552 1410 711 1462 syllaba
758 1415 943 1463 correpta
987 1416 1054 1449 aut
1096 1411 1136 1449 in
1180 1411 1269 1463 ipsa
1317 1410 1502 1449 vocabuli
1547 1411 1755 1463 compositi
1802 1425 1907 1450 com-

105 1482 276 1522 missura
306 1487 415 1521 extet
456 1486 523 1519 aut
567 1494 614 1520 ea
658 1495 686 1521 α
728 1481 792 1530 sit,
842 1480 946 1533 quod
988 1480 1233 1534 privativum
1277 1481 1425 1529 dicunt,
1475 1486 1542 1520 aut
1585 1483 1788 1533 augmenti
1835 1488 1904 1521 aut

106 1550 436 1605 reduplicationis
482 1550 661 1590 vocalem
712 1550 926 1590 contineat.
981 1555 1099 1603 atque
1150 1549 1316 1590 eandem
1368 1551 1563 1590 rationem
1622 1550 1671 1590 ab
1722 1551 1899 1592 Homero

45 1626 48 1628 ’
92 1627 272 1676 ‘quoque
304 1635 389 1662 esse
420 1621 673 1661 observatam
694 1621 755 1660 La
779 1619 924 1660 Rochii
954 1619 1072 1672 libro,
1106 1634 1222 1673 quem
1246 1633 1367 1673 supra
1396 1620 1536 1671 adtuli,
1569 1621 1749 1673 inspecto
1780 1622 1901 1662 facile

113 1691 326 1743 intelleges
341 1689 386 1746 ¹).
419 1691 689 1744 correptiones
712 1690 872 1743 quidem
894 1689 935 1728 id
956 1703 1083 1742 genus
1104 1690 1185 1729 illis
1207 1690 1435 1729 simillimae
1455 1696 1549 1729 sunt
1569 1691 1903 1744 correptionibus,

111 1763 151 1801 in
186 1761 330 1814 quibus
360 1761 523 1801 vocales
553 1766 760 1813 correptae
802 1760 844 1799 in
888 1760 1076 1799 extremis
1109 1759 1316 1799 vocabulis
1347 1760 1579 1800 conlocatae
1610 1767 1712 1809 sunt,
1746 1760 1902 1800 eadem-

36 1867 57 1873 ,,
108 1843 186 1885 que
218 1831 268 1871 de
299 1843 420 1878 causa
456 1830 647 1880 omnium,
691 1842 794 1883 quae
835 1829 979 1869 mediis
1023 1830 1064 1868 in
1102 1829 1268 1870 vocibus
1305 1830 1570 1883 reperiuntur,
1602 1831 1903 1884 correptionum

33 1920 36 1922 ·
111 1901 207 1941 illae
238 1907 329 1941 sunt
358 1899 642 1956 lenissimae2),

226 1971 388 2011 Deinde
418 1972 459 2010 in
492 1971 688 2023 exemplis
720 1975 782 2009 sat
810 1969 948 2009 multis
978 1967 1196 2024 (XLVIII)
1229 1969 1434 2009 nominum
1464 1969 1718 2023 propriorum
1750 1971 1904 2010 formae

40 2046 44 2060 ³
115 2041 314 2093 leguntur,
348 2054 447 2093 quas
478 2054 558 2081 non
590 2040 770 2080 eiusdem
810 2046 930 2093 atque
963 2046 1098 2080 cetera
1126 2039 1326 2079 vocabula
1356 2040 1453 2079 iuris
1485 2053 1572 2079 esse
1603 2040 1701 2079 satis
1731 2046 1902 2080 constat:

93 2110 396 2163 ’Ἅμφῖκλέους,
437 2110 722 2163 Ἀμφϊτρύων,
768 2123 948 2159 -ωνος,
980 2123 1146 2160 -ωνα,
1190 2109 1602 2163 Ἀμφιτρυωνιάδης,
1637 2123 1766 2161 -αο,
1803 2123 1903 2164 -·ῃ,

0 2168 48 2241 ξς,
100 2178 353 2234 νἈφροδίτα,
385 2194 506 2231 -οις,
535 2193 635 2234 -ᾳ,
660 2170 889 2234 Βέβρυκες,
925 2193 1062 2230 -ων,
1092 2173 1280 2233 Asamum,
1309 2178 1475 2230 -ιὸος,
1506 2194 1593 2230 -ι,
1634 2178 1905 2231 Δῶκλείδας,

0 2240 46 2300 {2⁹
109 2250 359 2304 Ἡρᾶκλέης)
389 2249 512 2299 -έα,
550 2247 774 2302 Ἰφῖκλέης,
811 2248 1123 2299 Κῦκλᾶδεσσιν,
1165 2245 1371 2298 Κῦκλωψ,
1402 2248 1606 2299 -ώπων,
1636 2249 1901 2302 Πᾶτρόκλῆς.

0 2320 15 2344 ⁹
103 2319 223 2360 huius
252 2333 349 2360 vero
380 2318 540 2372 generis
572 2318 841 2372 correptiones
862 2318 994 2358 'etiam
1026 2318 1146 2358 ceteri
1178 2322 1321 2371 poetae
1342 2315 1489 2357 Graeci
1525 2330 1663 2357 omnes
1694 2317 1904 2363 exhibent,

42 2382 49 2411 j
102 2390 218 2431 velut
246 2389 447 2428 Homerus
481 2390 802 2444 Ἀμφῒτρύωνος
830 2390 873 2429 Ε
902 2390 1000 2440 392,
1040 2390 1066 2428 λ
1096 2389 1179 2426 266
1223 2393 1314 2427 cett.
1360 2387 1586 2441 Ἀφροδίτη
1618 2389 1660 2426 Ε
1689 2388 1784 2434 370,
1820 2388 1903 2426 375

104 2465 210 2509 cett„
245 2460 469 2515 Πάτρὸκλε
513 2461 553 2500 Τ
579 2461 674 2500 287.
707 2459 750 2498 in
780 2472 879 2498 voce
910 2463 1043 2497 autem
1074 2457 1266 2507 Κύκλωψ
1298 2455 1405 2509 apud
1434 2456 1654 2495 Homerum
1685 2471 1714 2496 v
1745 2469 1906 2508 semper

48 2525 49 2528 ¹
75 2522 77 2524 ’
104 2529 360 2582 producitur-3
392 2528 662 2568 nominativus
696 2526 930 2581 Ἡρακλέης
949 2526 1099 2565 ibidem
1131 2526 1291 2564 omnino
1323 2538 1403 2563 non
1434 2525 1645 2577 reperitur,
1679 2538 1768 2563 cum
1801 2538 1904 2564 sem-

0 2589 36 2652 {³ss
103 2594 179 2653 per
208 2598 363 2638 dicatur
390 2598 462 2653 βίη
490 2597 746 2652 Ἡρακληείη
777 2596 910 2635 vocali
940 2610 969 2636 α
997 2594 1207 2648 producta3
1241 2593 1310 2634 sed
1342 2594 1490 2645 legitur
1519 2594 1589 2633 ille
1621 2594 1727 2647 apud
1758 2594 1903 2634 Hesio-

0 2654 52 2714 *J
105 2669 200 2709 dum
220 2668 375 2722 Theog.
400 2681 440 2710 v.
465 2668 562 2716 527,
585 2666 692 2717 apud
713 2665 898 2719 Apollon.
922 2665 1053 2705 Rhod.
1075 2665 1175 2718 Arg.
1198 2667 1240 2706 A
1270 2666 1367 2713 349,
1400 2666 1499 2714 426,
1533 2666 1617 2704 864
1656 2670 1764 2714 cett„
1797 2664 1904 2718 apud

0 2673 79 2845 ἑ
103 2737 301 2788 Quintum
333 2738 600 2792 Smyrnaeum
638 2736 841 2775 Posthom.
886 2735 947 2775 IV
979 2736 1076 2784 448,
1108 2735 1146 2775 V
1178 2737 1275 2783 645,
1307 2735 1368 2774 VI
1400 2735 1483 2773 230
1516 2740 1623 2787 cett„
1656 2735 1764 2787 apud
1796 2735 1904 2773 Non-

17 2799 197 2849 *num
227 2810 401 2862 Dionys.
433 2808 499 2848 XI
530 2810 627 2857 227,
658 2806 783 2847 XXV
816 2807 911 2856 196,
944 2805 1098 2845 XXIX
1129 2807 1213 2845 240
1244 2811 1335 2845 cett.

223 2994 248 3038 ¹)
273 2992 329 3027 De
352 2994 466 3037 poetis
493 2992 582 3037 eleg.
609 2992 655 3026 cf.
681 2992 891 3026 Goebelium
915 2992 939 3025 1.
965 3003 995 3025 c.
1004 3003 1013 3034 3
1040 2991 1180 3025 Sitzleri
1203 2989 1365 3024 ‘Studien
1389 3000 1432 3022 zu
1457 2989 1534 3022 Th)
1558 3000 1592 3032 p.
1618 2989 1651 3020 4.

220 3051 247 3097 ²)
286 3052 337 3085 Cf.
367 3052 579 3094 Westphalii
603 3051 742 3085 ‘Metrik
766 3052 827 3084 der
852 3049 1053 3084 Griechen2'
1076 3051 1111 3083 11
1136 3051 1180 3083 83
1205 3061 1257 3092 sq.
