2051 3336
0 955 17 986 ,ᾗ

0 987 18 1026 2
66 1017 68 1019 ,

1881 85 1935 124 73

251 213 325 253 Est
366 213 527 267 quidem
564 215 793 268 frequentia
821 214 964 253 harum
1001 212 1310 266 productionum
1355 214 1396 252 in
1427 212 1597 265 singulis
1628 212 1784 252 arsibus
1814 213 1934 252 haec:

1334 341 1371 373 in
1397 339 1562 373 omnibus

1298 400 1596 440 Theocr.cc.gen'
1654 370 1691 401 in
1717 379 1766 402 00.
1793 369 1874 402 dub,

730 371 768 403 in
793 380 844 403 ce.
869 369 969 402 mim.
1023 370 1060 401 in
1086 379 1135 402 cc.
1163 370 1250 412 epic.

451 369 489 402 in
513 380 563 403 cc.
588 369 670 404 buc.

241 894 306 932 Ex
327 899 470 933 natura
491 901 623 934 autem
639 896 912 948 exemplorum
940 901 1052 947 patet
1073 896 1260 943 rationes,
1285 894 1429 947 quibus
1452 893 1692 933 Theocritus
1715 895 1755 932 in
1776 893 1925 932 vocali-

127 962 202 1001 bus
229 962 320 1002 ,hoc
361 962 478 1002 modo
520 962 790 1017 producendis
832 977 927 1004 usus
958 970 1030 1013 est,
1075 964 1141 1004 vel
1186 964 1408 1003 severiores
1440 976 1527 1003 esse
1557 962 1794 1012 rationibus,
1831 976 1929 1016 quas

126 1046 247 1084 supra
288 1034 330 1071 in
373 1033 568 1072 similibus
611 1034 941 1085 productionibus
983 1040 1075 1072 ante
1116 1041 1267 1072 mutam
1298 1047 1333 1073 c.
1367 1034 1394 1071 1.
1428 1033 1742 1073 observavimus.
1775 1033 1817 1070 in
1849 1033 1928 1070 arsi

121 1103 229 1141 enim
259 1102 380 1142 tertia
408 1108 569 1154 praeter
598 1116 723 1143 unum
752 1104 886 1145 locum
916 1104 1080 1143 nomine
1110 1103 1272 1157 proprio
1295 1108 1529 1143 excusatum
1551 1116 1769 1156 numquam
1791 1101 1927 1141 brevis

123 1172 277 1210 vocalis
321 1173 453 1212 finalis
496 1179 590 1211 ante
619 1187 768 1212 vocem-
793 1188 816 1211 a
848 1173 1001 1212 duabus
1044 1175 1165 1212 mutis
1202 1174 1463 1223 incipientem
1493 1173 1616 1222 longa
1645 1173 1854 1223 fit-neque
1884 1173 1925 1210 in

121 1240 264 1294 prima,
295 1240 374 1282 nisi
405 1241 531 1283 semel
562 1242 753 1284 articulus
784 1243 826 1284 in
858 1242 984 1298 edyll.
1025 1242 1119 1284 dub.
1151 1244 1192 1283 in
1226 1243 1306 1283 arsi
1337 1248 1470 1283 autem
1512 1241 1627 1296 pedis
1659 1242 1787 1295 quinti
1832 1257 1924 1295 qua-

121 1316 182 1349 ter
211 1317 366 1350 tantum
396 1313 593 1364 reperitur
621 1314 773 1352 vocalis
803 1314 971 1359 ratione,
1004 1313 1055 1351 de
1085 1326 1164 1366 qua
1194 1314 1339 1364 agitur,
1373 1311 1577 1365 producta,
1611 1311 1673 1350 bis
1719 1312 1921 1361 articulus,

80 1380 241 1421 ”semel
286 1381 468 1421 enclitica
497 1381 557 1434 τέ,
588 1383 698 1422 cuius
728 1382 805 1423 hac
834 1384 875 1423 in
908 1382 1003 1423 sede
1037 1383 1246 1435 productio
1279 1382 1374 1422 inde
1416 1382 1465 1421 ab
1510 1383 1687 1421 Homero
1719 1383 1922 1421 sollemnis

119 1440 195 1487 fuit
212 1448 263 1503 1);
297 1451 345 1488 cf.
380 1452 500 1489 etiam
529 1451 654 1489 XXV
685 1452 739 1489 87
776 1450 903 1493 αὐλία
932 1465 977 1493 τε
1003 1452 1161 1507 σηκούς
1180 1465 1238 1493 τε.
1264 1451 1370 1505 quod
1393 1456 1526 1491 autom
1547 1450 1598 1490 ad
1619 1450 1923 1504 productionem

118 1519 267 1558 vocalis
288 1534 304 1560 ι
324 1521 364 1558 in
396 1519 585 1561 ἀείδοντι
615 1522 885 1574 Πτολεμαῖον
916 1520 1081 1569 adtinet,
1114 1523 1155 1559 in
1190 1521 1432 1572 explicanda
1464 1535 1511 1559 ea
1541 1520 1837 1572 respiciendum
1861 1527 1922 1559 est

117 1601 261 1627 nomen
294 1590 499 1641 proprium
542 1591 813 1644 Πτολεμαῖον
846 1595 966 1642 atque
995 1590 1181 1642 analogia
1209 1591 1426 1628 formarum
1456 1590 1497 1627 in
1530 1600 1573 1631 σι
1588 1594 1640 1637 (v)
1674 1591 1919 1637 exeuntium,

119 1673 221 1712 quae
250 1674 278 1700 ν
307 1660 550 1712 paragogica
569 1666 661 1698 sunt
690 1659 906 1712 praeditae.
941 1661 982 1699 in
1014 1659 1166 1699 arsibus
1197 1674 1293 1699 vero
1323 1660 1499 1699 secunda
1521 1667 1560 1699 et
1592 1666 1734 1713 quarta
1765 1673 1922 1712 semper

117 1729 201 1766 fere
232 1729 444 1767 eorundem
465 1728 748 1767 vocabulorum
763 1728 1036 1782 producuntur
1055 1729 1230 1778 vocales,
1252 1743 1424 1782 quorum
1445 1731 1683 1783 insequente
1704 1735 1814 1768 muta
1837 1744 1868 1769 c.
1893 1731 1920 1768 l.

117 1812 196 1837 uno
228 1804 381 1836 tantum
412 1799 500 1837 loco
531 1799 572 1836 in
603 1798 706 1849 pede
738 1805 879 1850 quarto
911 1798 1022 1836 aliud
1053 1799 1200 1850 legitur
1230 1799 1472 1837 vocabulum
1494 1800 1560 1837 IX
1595 1802 1644 1838 19
1677 1800 1803 1851 χόρια
1825 1800 1918 1849 ζέει,

118 1865 188 1906 sed
218 1865 341 1905 habet
374 1866 474 1905 illud
506 1868 674 1906 formam
705 1866 914 1916 tribrachi;
959 1867 999 1905 in
1042 1866 1146 1920 pede
1178 1873 1314 1907 autem
1344 1867 1470 1907 altero
1503 1868 1552 1907 ad
1585 1882 1716 1917 voces,
1750 1882 1917 1921 quarum

115 1936 276 1975 vocales
297 1937 437 1975 finales
452 1942 545 1976 ante
557 1942 706 1975 mutam
730 1952 762 1976 c.
785 1937 812 1975 l.
826 1937 1042 1989 productas
1062 1937 1251 1985 vidimus,
1272 1938 1485 1976 accedunt:
1518 1938 1598 1976 VH
1618 1940 1695 1976 142
1709 1944 1918 1980 πωτῶντο

117 2002 276 2055 ξουθαί
307 2006 372 2055 (cf.
404 2006 525 2045 Hom.
561 2007 602 2047 Φ
633 2008 717 2047 350
745 2007 921 2049 καίοντο
951 2006 1119 2048 πτελέαι
1156 2021 1202 2048 τε
1229 2007 1301 2048 καὶ
1332 2007 1440 2050 ἰτέαι
1474 2040 1483 2049 .
1509 2040 1518 2050 .
1545 2040 1578 2059 .,
1617 2010 1666 2049 Ψ
1694 2010 1758 2057 15,
1792 2009 1916 2061 cett),

114 2075 260 2113 XXIV
290 2075 350 2116 τὼ
387 2073 530 2117 ὃάὖτε
560 2077 775 2131 σπείραισι
807 2076 875 2131 (cf.
907 2090 1046 2115 versus
1068 2077 1319 2125 Homericos,
1346 2078 1459 2116 velut
1491 2079 1528 2116 A
1552 2080 1633 2117 206
1656 2078 1733 2119 τὸν
1773 2075 1917 2120 δἀὖτε

114 2143 342 2198 προσέειπε
380 2144 464 2186 θεὰ
502 2146 566 2199 γλ.
596 2147 700 2198 Aa„
731 2148 855 2200 cett),
898 2147 1025 2199 epigr.
1061 2146 1105 2186 X
1137 2148 1160 2186 2
1184 2145 1327 2200 (pent.)
1361 2148 1564 2202 τῶγαλμα
1585 2146 1813 2203 Ξενοκλῆς,
1844 2149 1913 2188 ubi

113 2227 257 2251 nomen
280 2215 483 2266 proprium
516 2216 556 2252 in
590 2228 751 2253 censum
783 2216 909 2264 venit,
941 2217 1057 2266 frgm.
1089 2217 1180 2254 Ber.
1215 2217 1238 2254 5
1271 2218 1345 2257 καί
1372 2231 1419 2257 κε
1451 2218 1549 2257 λίνα
1581 2218 1794 2271 στήσαιτο.

229 2282 278 2321 In
321 2283 475 2322 arsibus
506 2298 600 2323 vero
638 2285 764 2324 altera
796 2291 835 2324 et
867 2291 1010 2337 quarta
1053 2285 1196 2324 breves
1234 2287 1393 2324 vocales
1424 2287 1563 2325 finales
1595 2288 1634 2325 in
1668 2289 1911 2336 universum,

113 2356 153 2388 et
194 2357 287 2389 ante
331 2357 479 2390 mutam
524 2365 557 2393 c.
590 2353 617 2391 l.
651 2353 738 2391 dico
770 2359 810 2393 et
853 2359 945 2393 ante
990 2353 1088 2393 duas
1119 2359 1247 2393 mutas
1279 2367 1484 2403 consonas,
1518 2355 1640 2408 longe
1678 2357 1912 2408 saepissime

112 2419 281 2472 produci
323 2421 404 2460 iam
433 2435 550 2461 nemo
581 2436 659 2462 non
703 2423 826 2463 videt.
870 2429 992 2476 atque
1037 2423 1201 2463 eaedem
1235 2424 1336 2464 duae
1367 2438 1505 2464 versus
1537 2425 1651 2464 sedes
1683 2426 1793 2465 solae
1823 2428 1910 2467 fere

113 2496 233 2542 aptae
253 2490 494 2530 videbantur
515 2491 745 2546 Theocrito,
777 2494 818 2532 in
841 2494 985 2545 quibus
1007 2494 1169 2533 vocales
1189 2495 1331 2533 finales
1353 2501 1446 2533 ante
1477 2496 1678 2547 simplices
1712 2510 1910 2536 consonas

113 2559 288 2612 liquidas
329 2559 642 2612 producerentur
658 2559 704 2615 2).
748 2563 789 2601 in
834 2562 939 2615 pede
971 2564 1077 2603 enim
1123 2565 1251 2616 primo
1295 2565 1370 2603 soli
1414 2579 1553 2604 versus
1586 2566 1712 2617 epigr.
1745 2565 1768 2606 I
1801 2570 1822 2605 1
1856 2567 1909 2607 τὰ

229 2651 254 2695 ¹)
281 2650 334 2685 Of.
360 2650 479 2686 Gisek.
504 2652 625 2687 ιΗοιιι.
651 2652 816 2688 Forsch.'
839 2666 873 2699 p.
899 2655 941 2689 ‘11
969 2666 1020 2699 sq.

228 2708 257 2753 ²)
281 2710 399 2742 Etiam
422 2710 460 2742 in
484 2711 590 2743 huius
615 2712 711 2744 modi
734 2712 985 2754 productiones
1011 2717 1045 2746 et
1068 2715 1105 2746 in
1130 2714 1389 2756 productiones,
1403 2724 1495 2756 quae
1520 2714 1607 2747 fiunt
1626 2719 1708 2748 ante
1734 2726 1909 2750 consonas

0 2772 5 2776 ·
66 2802 69 2803 ⁷
110 2765 265 2809 liquidas
289 2766 417 2800 mediis
442 2768 479 2800 in
496 2768 695 2813 vocabulis,
719 2769 838 2803 Rzach
858 2770 1130 2815 diligentissime
1154 2772 1224 2804 iam
1241 2772 1426 2814 inquisivit
1457 2772 1641 2817 ‘Beitriige
1664 2784 1727 2806 zur
1749 2774 1908 2808 Technik

109 2824 172 2858 des
196 2825 422 2860 nachhomer.
449 2827 522 2860 her.
548 2828 709 2862 Verses’.
752 2828 994 2872 Sitzungsber.
1026 2831 1089 2863 der
1114 2831 1259 2864 Wiener
1283 2831 1317 2862 k.
1344 2830 1460 2863 Akad.
1487 2832 1549 2863 der
1574 2832 1692 2873 Wiss.,
1722 2833 1907 2875 phil.-hist.

108 2881 161 2915 cl.
186 2882 255 2914 vol.
270 2882 376 2916 XCV.
403 2884 488 2917 fasc.
515 2886 547 2918 3.
573 2885 616 2918 cf.
632 2886 739 2919 etiam
752 2886 970 2930 Wagnerum
994 2887 1017 2921 l.
1045 2899 1074 2921 c.
1099 2899 1130 2932 p.
1159 2890 1201 2921 57
1228 2898 1304 2933 sqq.
1317 2887 1388 2921 loci
1414 2899 1455 2922 ex
1480 2888 1666 2924 Theocrito
1691 2891 1792 2934 petiti
1817 2895 1904 2925 trac—

2 2995 16 3008 4
103 2942 224 2974 tantur
247 2950 268 2974 a
292 2941 448 2976 Rsachio
478 2954 511 2986 p.
543 2945 737 2985 694-696,
765 2947 962 2991 763—770,
984 2948 1062 2980 854.
1095 2947 1138 2981 cf.
1162 2951 1347 2993 praeterea
1372 2947 1581 2995 Kruegerm.
1608 2948 1629 2981 l.
1659 2960 1689 2982 c.
1715 2961 1747 2993 p.
1778 2953 1818 2983 15
1846 2962 1898 3003 sq.
