2051 3336
1868 67 1921 137 3‘1

238 221 353 269 Duos
384 226 517 265 autem
545 222 799 263 hexametros
830 224 1069 276 spondiacos
1100 225 1205 263 inter
1235 238 1277 263 se
1309 226 1569 276 excipientes,
1603 239 1703 276 quos
1723 227 1925 264 neminem

45 302 73 351 J
96 285 332 350 ''poetar-'um
363 289 605 331 Graecorum
637 295 757 334 anxie
787 295 938 346 fugisse
959 307 1010 333 ex
1041 294 1266 333 Ludwichii
1297 294 1402 333 libro
1429 294 1598 347 adparet
1612 293 1657 346 ¹),
1681 295 1923 334 Theocritus

47 369 50 371 '
103 363 165 414 'in
195 360 358 413 edylliis
389 361 520 400 bucol.
551 376 747 413 nusquam
779 364 952 412 admisit,
985 365 1112 403 semel
1143 365 1185 402 in
1215 365 1342 404 mim.:
1373 365 1456 403 XV
1484 364 1655 412 8283,
1690 366 1851 404 sexiens
1883 366 1925 403 in

60 427 62 429 ¹
123 445 209 485 eps
252 430 360 471 XVI
387 432 513 485 3‘—4·‚
547 433 734 482 76-77;
777 433 905 472 XVII
936 435 1119 482 26—27,
1160 436 1348 484 60—613
1390 434 1538 474 XXIV
1571 436 1756 484 77—78;
1801 435 1927 474 XXV

97 508 99 511 ’
122 502 307 541 98--99.
340 501 381 539 in
410 501 487 540 hoc
508 500 670 553 quidem
693 503 910 541 carminum
931 516 1080 554 genere
1102 504 1223 542 etiam
1244 505 1350 542 terni
1372 504 1725 554 σπονδειάζοντες
1745 505 1925 542 continui

122 564 400 610 inveniuntur:
430 572 537 610 XIII
568 574 757 611 42-44:
788 572 859 614 καὶ
889 573 1109 614 θάλλοντα
1140 573 1286 614 σέλινα
1322 573 1397 614 καὶ
1427 572 1632 626 εἰλιτενὴς
1661 574 1884 627 ἅγρωστις.
1922 578 1924 623 ξ

94 631 97 634 ’
121 640 248 681 ὕδατι
284 640 322 681 δ’
342 640 391 682 ἐν
424 642 566 697 μέσσῳ
596 642 780 695 Νύμφαι
809 642 942 696 χορὸν
972 641 1207 696 ἀρτίζοντο,
1242 641 1247 695 Ι
1280 643 1466 696 Νύμφαι
1507 642 1747 696 άκοίμητοι,
1790 642 1929 683 δειναὶ

120 711 225 752 θεαὶ
245 710 514 766 ἀγροιώταις,
527 711 653 749 XXV
668 713 855 750 29—31:
877 716 966 752 πᾶν
984 711 1068 766 γὰρ
1090 711 1143 765 δὴ
1163 712 1316 753 πεδίον
1335 712 1426 753 τόδ’
1447 711 1686 766 ἐπίφρονος
1698 711 1905 765 Αὐγείαο,
1924 710 1928 754 Ι

0 784 6 803 ³
56 807 59 810 -
123 780 372 835 πυροφόροι
400 793 446 820 τε
465 779 567 833 γύαι
587 779 659 819 καὶ
679 778 815 819 ἀλωαὶ
835 780 1114 834 δενδρήεσσαι
1140 779 1146 834 Ι
1172 781 1316 835 μέχρις
1335 780 1399 822 ἐπ’
1421 780 1614 834 ἐσχατιὰς
1633 781 1930 829 πολυπίδακος

124 848 374 903 ἀκρωρείης.

242 916 406 956 Summa
448 916 660 968 diligentia
690 917 930 956 Theocritus
975 918 1159 956 similiter
1201 924 1322 970 atque
1366 920 1436 957 alii
1473 925 1618 971 poetae
1655 925 1836 957 versatus
1868 927 1928 957 est

115 989 167 1030 ‘in
210 986 409 1038 eligendis
438 986 660 1034 vocabulis,
705 987 849 1038 quibus
880 1000 1020 1026 versus
1063 987 1300 1038 spondiacos
1344 988 1561 1029 clauderet.
1607 1002 1688 1040 qua
1725 989 1767 1027 in
1804 1002 1849 1027 re
1887 988 1928 1026 id

0 1053 15 1104 ³3*
54 1085 75 1090 ,‚
125 1056 377 1108 potissimum
420 1056 676 1095 elaborarunt
724 1061 882 1108 poetae,
929 1070 980 1095 ne
1031 1056 1177 1108 ampla,
1226 1070 1345 1108 quam
1387 1070 1488 1112 prae
1530 1070 1574 1096 se
1615 1058 1750 1095 ferunt
1791 1070 1931 1095 versus

0 1123 54 1183 ἐξ·
125 1125 346 1177 spondiaci‚
390 1127 567 1178 gravitas
590 1128 680 1164 'aut
710 1126 829 1163 nimis
871 1126 1175 1165 imminueretur
1214 1132 1282 1164 aut
1324 1140 1485 1177 prorsus
1528 1127 1729 1165 deleretur
1767 1140 1932 1166 caesura

127 1194 200 1233 sub
231 1194 351 1233 finem
384 1207 521 1233 versus
556 1193 741 1233 admissa.
788 1194 952 1232 vocibus
983 1195 1107 1245 igitur
1137 1195 1442 1247 monosyllabis,
1490 1209 1594 1246 quae
1624 1196 1667 1232 in
1697 1196 1930 1233 universum

3 1257 25 1303 ’Τ
125 1269 187 1302 sat
231 1277 319 1301 raro
356 1264 398 1301 in
430 1265 540 1302 exitu
581 1263 805 1301 hexametri
843 1264 1043 1314 leguntur,
1088 1277 1226 1302 versus
1258 1264 1609 1313 σπονδειάζοντες
1649 1265 1778 1302 rarius
1811 1265 1931 1303 etiam

106 1332 334 1382 >finiuntur3
375 1332 585 1385 bisyllabis
623 1338 756 1371 autem
788 1332 996 1371 vocabulis
1028 1338 1172 1384 poetae
1205 1332 1352 1371 Graeci
1383 1336 1526 1371 aetatis
1559 1332 1860 1371 Alexandrinae
1892 1339 1932 1371 et

126 1403 196 1454 qui
234 1415 301 1441 eos
344 1403 469 1441 secuti
512 1408 603 1440 sunt
633 1415 762 1454 aeq-ue
793 1415 840 1440 ac
869 1409 1012 1454 poetae
1033 1402 1169 1440 Latini
1200 1404 1241 1441 in
1273 1403 1384 1440 exitu
1410 1415 1599 1440 versuum
1620 1402 1929 1454 spondiacorum

126 1465 419 1517 abstinuerunt.

241 1542 479 1580 Theocritus
533 1542 691 1593 quidem
745 1555 795 1579 ex
837 1542 1044 1579 vocabulis
1094 1540 1382 1592 monosyllabis
1432 1541 1556 1579 solam
1601 1541 1828 1578 encliticam
1870 1540 1931 1590 τὲ,

124 1624 228 1661 quae
269 1611 310 1648 in
355 1611 465 1649 exitu
506 1610 730 1649 hexametri
773 1610 991 1661 spondiaco
1029 1611 1205 1648 omnium
1243 1610 1519 1648 encliticarum
1550 1610 1877 1660 frequentissime
1909 1624 1932 1646 a

126 1681 255 1732 poetis
286 1672 551 1718 adhibebatur
564 1678 612 1733 2),
642 1679 704 1717 bis
725 1681 768 1717 in
789 1693 844 1719 cc.
864 1693 927 1730 ep.
946 1680 988 1716 in
1009 1680 1089 1717 fine
1109 1692 1249 1717 versus
1270 1679 1480 1730 spondiaci
1508 1679 1661 1729 posuit:
1693 1678 1824 1716 XXII
1849 1681 1929 1717 100

124 1742 185 1797 ὡς
231 1749 328 1789 ἴδον
376 1747 497 1789 ἕλκεα
545 1747 681 1801 λυγρὰ
729 1748 828 1802 περὶ
876 1749 1011 1801 στόμα
1058 1762 1104 1788 τε
1151 1748 1379 1801 γναθμούς
1426 1761 1472 1787 τε
1523 1752 1563 1785 et
1605 1747 1738 1801 1XXV
1781 1748 1835 1785 87
1885 1745 1933 1787 ἐκ

67 1838 87 1841 ->
123 1817 310 1872 βοτάνης
352 1816 531 1857 ἀνιόντα
571 1819 658 1870 μετ’
681 1816 808 1857 αὐλία
848 1830 894 1857 τε
937 1818 1096 1870 σηκούς
1136 1831 1194 1857 τε.
1240 1818 1351 1855 cuius
1389 1816 1497 1853 modi
1534 1829 1674 1854 versus
1712 1822 1773 1854 sat
1815 1816 1932 1853 multi

127 1888 382 1940 reperiuntur
425 1886 534 1938 apud
564 1886 785 1925 Homerum
822 1887 1004 1938 aliosque
1042 1892 1181 1938 poetas
1219 1884 1351 1940 (velut
1380 1886 1500 1925 Hom.
1533 1883 1574 1931 Ξ
1598 1886 1681 1924 467
1714 1885 1850 1938 στόμα
1887 1898 1932 1924 τε

106 1955 243 2010 ’ῥῖνές
271 1970 331 2006 τε,
362 1956 413 1994 cf.
443 1957 603 2003 Ψ395,
637 1957 738 2004 777;
772 1971 788 1997 ι
811 1957 893 1995 270
921 1955 1105 1996 ἱκετάων
1133 1969 1179 1996 τε
1210 1953 1363 2004 ξείνων
1390 1969 1436 1995 τε
1466 1953 1593 2008 cett.).
1627 1955 1731 1992 aliae
1762 1954 1931 1992 voculae

127 2025 431 2077 monosyllabae
460 2032 621 2077 praeter
651 2027 876 2065 encliticam
906 2025 952 2066 τὲ
982 2039 1072 2063 cum
1104 2040 1127 2063 a
1150 2026 1369 2063 Theocrito
1400 2026 1569 2073 ratione,
1604 2025 1652 2062 de
1684 2038 1763 2075 qua
1784 2025 1929 2074 agitur,

126 2107 178 2132 ne
220 2095 262 2131 in
305 2094 428 2145 epicis
472 2094 632 2145 quidem
679 2094 920 2132 carminibus
963 2100 1216 2145 usurpentur,
1261 2093 1526 2145 praeferenda
1563 2100 1622 2132 est
1658 2094 1699 2130 in
1733 2106 1769 2131 v.
1802 2093 1844 2130 X
1876 2094 1930 2130 34

126 2164 245 2202 lectio
288 2150 399 2214 vulg.
435 2162 520 2212 τὼς
561 2162 702 2212 αὐλὼς
742 2162 821 2216 μὲν
862 2162 1008 2215 ἔχοισα
1051 2162 1123 2203 καὶ
1159 2162 1185 2216 ἢ
1226 2161 1360 2217 ῥόδον
1395 2162 1421 2216 ἢ
1451 2163 1554 2216 τύγε
1581 2163 1719 2215 μᾶλον
1750 2162 1931 2200 codicum

125 2232 156 2270 k
186 2239 226 2271 et
255 2246 281 2284 p
313 2233 533 2284 scripturae
563 2232 589 2286 ἢ
619 2234 758 2286 μᾶλον
786 2233 853 2283 τύ,
885 2247 1003 2284 quam
1033 2233 1238 2271 revocavit
1267 2233 1440 2274 Ahrens‚

244 2301 354 2341 Voce
385 2302 586 2355 bisyllaba
616 2317 813 2355 nusquam
844 2303 1084 2342 Theocritus
1115 2316 1274 2342 versum
1306 2302 1567 2354 spondiacum
1596 2301 1741 2348 finivit,
1780 2314 1860 2352 qua
1889 2301 1930 2338 in

127 2384 173 2409 re
204 2372 406 2424 conspirat
441 2386 529 2425 cum
569 2373 710 2411 ceteris
752 2373 930 2411 eiusdem
974 2374 1118 2411 aetatis
1164 2374 1306 2424 poetis.
1353 2373 1395 2410 in
1433 2385 1554 2410 versu
1585 2372 1688 2409 enim
1721 2372 1742 2409 Ι
1775 2373 1826 2408 65
1859 2372 1930 2408 vix

126 2440 390 2479 dubitandum
433 2448 505 2489 est,
551 2442 646 2494 quin
688 2448 796 2481 recte
839 2456 882 2481 se
912 2442 1059 2481 habeat
1103 2443 1222 2481 lectio
1268 2441 1375 2483 ἁδέα
1418 2442 1559 2496 φωνά,
1603 2455 1705 2493 quae
1745 2445 1856 2478 extat
1887 2440 1929 2478 in

127 2509 330 2549 codicibus
372 2516 491 2550 notae
528 2512 702 2564 optimae
734 2511 774 2558 k,
809 2525 844 2558 a,
879 2524 900 2549 e
938 2514 978 2563 (p
1010 2511 1132 2550 habet
1163 2512 1325 2564 quidem
1357 2510 1435 2551 ἅδε
1464 2510 1490 2564 ἡ
1521 2511 1662 2564 φωνά,
1693 2509 1762 2547 sed
1793 2522 1930 2560 super-

69 2581 71 2583 *
125 2581 316 2631 scriptum
360 2587 420 2619 est
454 2594 521 2633 γρ.
560 2579 666 2620 ἇδέα
708 2578 866 2634 φωνά).
910 2581 1017 2619 idem
1060 2582 1181 2620 etiam
1219 2582 1434 2620 scholiasta
1466 2581 1623 2618 videtur
1653 2580 1814 2631 legisse,
1861 2579 1930 2631 qui

0 2752 23 2793 ὲ·
44 2790 46 2792 .

0 2840 16 2862 ¹}st

0 2869 17 2892 τ’,

0 2973 32 3021 ᾖ
47 2981 77 3014 ,1
95 2986 98 2989 '

0 3093 39 3147 r*
95 3119 97 3122 -

69 3229 104 3262 μ’,

246 2719 273 2763 ¹)
287 2719 475 2751 Diversum
491 2720 676 2760 poetarum
687 2717 896 2750 Latinorum
911 2728 1044 2750 morem
1059 2717 1554 2760 exposuitA.Viertel‚Annal.
1571 2717 1694 2760 philol.
1709 2716 1926 2759 LXXXV‚p.

125 2771 193 2809 801
233 2787 321 2819 sqq.,
358 2786 429 2819 qua
460 2786 501 2808 ex
538 2771 774 2817 disputatione
816 2776 964 2816 adparet
994 2776 1089 2817 apud
1118 2779 1241 2818 poetas
1269 2776 1417 2807 Latinos
1448 2776 1538 2807 duos
1567 2786 1691 2808 versus
1716 2775 1928 2817 spondiacos

51 2818 56 2852 Ῐ
125 2844 205 2869 sese
232 2834 446 2876 excipientes
470 2843 645 2876 nusquam
669 2833 836 2874 inveniri3
862 2832 958 2864 solus
984 2832 1147 2865 Catullus
1172 2833 1281 2865 semel
1307 2831 1436 2874 (LXIV
1458 2833 1608 2875 78-80)
1634 2833 1670 2864 in
1694 2832 1806 2864 tribus
1831 2832 1930 2864 dein·

39 2901 49 2910 ⁵
106 2899 210 2932 *ceps
234 2890 446 2923 hexametris
470 2891 507 2922 in
532 2890 617 2923 sede
641 2890 764 2932 quinta
788 2888 908 2931 posuit
931 2888 1137 2930 spondeum.

242 2946 269 2991 ²)
296 2946 348 2981 cf.
371 2948 553 2982 Ludwich.
577 2948 600 2980 l.
626 2958 655 2980 c.
679 2958 715 2990 p.
740 2948 794 2980 35.
