2051 3336
335 172 502 213 -··dubiis
533 174 617 213 VII
653 177 794 214 versus
829 174 910 213 buc
945 174 1162 226 pertinent,
1201 187 1370 226 quorum
1409 180 1597 227 quattuor
1634 176 1676 214 in
1708 189 1742 214 c.
1773 176 1910 222 XXI„

248 245 253 287 j
291 246 324 282 c.
349 241 538 281 XXVII.
578 244 853 282 inveniuntur.

33 359 53 364 Ὀ
152 361 154 364 v
224 306 310 366 Sed
339 316 385 350 ut
414 324 554 350 versus
585 312 636 350 ad
665 312 782 360 haec,
811 311 863 354 de
894 311 1040 364 quibus
1069 310 1196 350 verba
1225 311 1406 358 fecimus,
1438 312 1643 350 schemata
1674 313 1909 351 conformati

31 366 60 411 ‘ss-²³>
100 364 316 448 §1113th
359 381 487 432 rarius
528 381 721 434 leguntur
764 381 805 420 in
845 394 902 422 cc.
934 382 1059 433 epicis
1102 393 1221 433 quam
1260 380 1303 419 in
1333 379 1527 420 bucolicis
1558 387 1599 419 et
1628 381 1812 429 mimicis,
1857 382 1914 420 ita

228 494 231 497 ,
254 454 476 490 ceterarum
496 452 712 488 formarum
726 447 757 504 1)
790 449 889 488 duos
915 449 983 488 vel
1012 455 1093 488 tres
1124 448 1323 500 spondeos
1354 448 1632 488 exhibentium
1663 450 1706 486 in
1726 449 1798 487 illo
1831 463 1911 487 car

190 529 259 556 um
280 517 610 558 Theocriteorum
639 531 788 571 genere
818 520 859 557 in
891 518 1125 557 universum
1155 518 1352 557 minorem
1374 530 1462 556 esse
1482 517 1754 570 frequentiam
1775 516 1915 556 tabula

180 589 244 628 tra
268 574 504 627 ostenditur.
537 586 645 638 quod
664 587 705 624 in
727 587 867 638 primis
887 586 997 625 valet
1018 586 1069 625 de
1100 587 1228 625 forma
1258 585 1385 634 sssdd‚
1419 599 1523 637 quae
1558 599 1648 624 cum
1686 587 1727 623 in
1749 586 1914 637 edylliis

134 654 240 695 ucol.
273 661 335 695 sat
363 653 552 707 frequens
583 656 645 704 sit,
683 656 764 694 iam
793 656 835 693 in
867 669 923 695 cc.
955 655 1063 695 mim.
1096 655 1223 694 rarius
1254 655 1470 702 invenitur,
1510 668 1581 694 sex
1613 661 1769 693 tantum
1801 655 1912 702 locis,

135 716 278 763 uorum
311 711 499 774 quattuor
529 725 704 762 oratoria
723 723 914 761 sermonis
946 730 1188 761 excusantur
1219 723 1470 762 condicione:
1502 724 1549 761 Π
1570 726 1622 762 98
1657 730 1804 776 τηνεϊ
1829 724 1914 776 γὰρ

55 791 247 853 φοιτῆ,
277 795 423 844 τηνεῐ
449 790 498 832 δέ
529 790 571 832 οἱ
601 790 685 832 ἁδὺ
715 790 946 845 καθῆσδαι,
980 792 1060 830 118
1082 788 1249 844 ἧνθον
1275 790 1358 846 γὰρ
1385 790 1516 845 κήγώ,
1547 792 1619 832 ναὶ
1640 791 1718 833 τὸν
1748 792 1914 845 γλυκὺν

129 851 313 901 '’venia’'
313 861 485 914 Ερωτα,
519 862 599 899 155
637 858 662 914 ἧ
688 861 777 915 γάρ
807 875 882 914 μοι
917 861 1004 900 καὶ
1038 861 1148 914 τρὶς
1183 862 1267 901 καὶ
1302 862 1540 915 τετράκις
1571 864 1711 902 ἄλλοκ’
1745 861 1911 914 ἐφοίτη,

102 928 188 969 XV
220 931 244 969 6
275 931 445 983 παντᾷ
475 930 693 985 κρηπῖδες,
723 932 890 981 παντᾷ
920 930 1247 985 χλαμυδηφόροι
1277 929 1445 984 ἄνδρες.

74 1043 80 1047 ,
222 998 317 1039 Duo
352 999 432 1039 loci
461 1000 506 1039 II
537 1002 591 1039 24
623 1006 664 1039 et
692 999 775 1038 XV
807 1000 862 1038 70
901 1000 972 1039 tali
1012 1000 1270 1039 excusatione
1309 1006 1460 1039 carent.
1499 1001 1541 1038 in
1580 999 1744 1052 edylliis
1778 1006 1914 1038 autem

63 1059 230 1127 [epicis
270 1082 352 1107 non
388 1070 480 1121 plus
511 1069 589 1108 duo
621 1081 759 1107 versus
791 1069 978 1107 carminis
1008 1068 1149 1108 XVII.
1193 1068 1244 1106 ad
1276 1082 1364 1107 eam
1394 1070 1561 1108 formam
1594 1075 1687 1107 sunt
1718 1070 1910 1121 expressi,

69 1165 77 1173 2
96 1140 171 1175 vv.
204 1138 258 1176 93
290 1143 331 1176 et
363 1141 458 1189 114,
505 1152 673 1190 quorum
706 1139 815 1189 prior
853 1137 1057 1189 anaphora
1102 1144 1162 1176 est
1198 1137 1423 1190 praeditus·
1474 1138 1660 1179 πολλοὶ
1690 1138 1728 1178 δ’
1744 1138 1913 1191 ἱππῆες,

38 1198 285 1255 ξ’,άῐολλοὶ
315 1205 364 1247 δέ
391 1222 467 1261 μιν
498 1206 765 1248 ἀσπιδιῶται.
799 1219 938 1246 versus
970 1206 1144 1258 denique
1174 1212 1254 1245 tres
1280 1207 1322 1245 in
1344 1220 1400 1247 cc.
1419 1206 1551 1245 dubiis
1575 1207 1625 1245 ad
1656 1207 1730 1246 hoc
1751 1207 1912 1246 schema

0 1261 20 1276 '³
79 1270 336 1329 conformati
368 1282 461 1314 sunt
490 1276 552 1314 hi:
583 1276 691 1314 XXI
724 1273 790 1324 17,
825 1278 900 1325 31;
932 1277 1061 1328 epigr.
1094 1276 1156 1314 IV
1191 1278 1226 1314 1.

223 1344 271 1389 Ii,
303 1350 436 1384 autem
478 1345 554 1384 soli
598 1358 649 1384 ex
685 1345 867 1384 versibus
910 1345 1001 1398 plus
1037 1359 1161 1385 unum
1199 1345 1420 1398 spondeum
1459 1344 1746 1384 exhibentibus
1778 1344 1819 1383 in
1853 1359 1908 1385 cc.

104 1413 235 1466 epicis
281 1414 572 1466 frequentiores
614 1421 719 1462 sunt,
763 1428 933 1466 quorum
970 1427 1044 1466 pes
1076 1420 1240 1467 quartus
1271 1414 1451 1466 spondeo
1482 1414 1664 1453 efficitur.
1710 1427 1815 1465 quae
1847 1427 1911 1452 res

104 1485 198 1521 cum
239 1481 459 1532 bucolicae,
504 1497 606 1535 quae
647 1483 804 1531 dicitur,
847 1497 1037 1522 caesurae
1080 1497 1155 1521 usu
1190 1483 1386 1522 artissime
1423 1483 1622 1522 cohaeret.
1670 1497 1760 1521 cum
1802 1484 1909 1522 enim

72 1533 347 1598 Theocritus
382 1553 602 1605 spondeum
641 1559 734 1591 ante
770 1552 874 1590 hanc
915 1553 1150 1591 incisionem
1189 1566 1270 1590 non
1313 1553 1445 1591 minus
1482 1566 1603 1604 quam
1646 1553 1716 1590 alii
1762 1560 1909 1603 poetae

88 1618 266 1670 Graeci,
313 1620 435 1659 immo
478 1634 574 1660 vero
618 1622 659 1659 in
699 1619 863 1673 edylliis
904 1620 1096 1660 bucolicis
1141 1621 1260 1659 etiam
1305 1620 1537 1671 diligentius
1580 1620 1783 1671 vitaret2),
1830 1635 1911 1659 non

29 1694 47 1701 ⁶
82 1682 243 1741 potuit
278 1689 377 1738 fieri,
424 1691 522 1741 quin
559 1691 601 1728 in
643 1689 762 1731 huius¹
805 1690 963 1741 generis
1007 1689 1262 1738 carminibus,
1309 1689 1380 1727 ubi
1422 1702 1587 1729 caesura
1619 1690 1690 1728 illa
1721 1691 1763 1727 in
1795 1696 1912 1728 tanto

0 1536 43 1591 ἕὲζζ

0 1596 51 1658 ξ

0 1652 73 1740 Ξῖ

0 1784 81 1817 ξ
107 1764 289 1798 versatur
333 1773 419 1811 usu,
463 1766 508 1798 ut
543 1772 683 1799 versus
730 1759 966 1811 septuageni
1010 1759 1197 1811 quaterni
1233 1759 1275 1797 in
1312 1759 1491 1797 centenis
1530 1772 1578 1798 ea
1609 1760 1691 1798 sint
1722 1759 1910 1811 praediti,

0 1816 75 1902 Ξ
74 1827 227 1872 multo
265 1829 396 1869 rarius
434 1827 475 1869 in
507 1834 649 1881 quarta
679 1828 904 1869 hexametri
935 1827 1032 1868 sede
1062 1827 1263 1881 spondeus
1310 1827 1590 1867 admitteretur
1633 1842 1756 1881 quam
1789 1830 1831 1867 in
1865 1842 1912 1868 eo

0 1896 64 1948 Ξρς
107 1895 352 1950 edylliorum
394 1911 555 1949 genere,
600 1898 670 1937 ubi
711 1898 917 1946 incisione,
969 1897 1019 1937 de
1063 1911 1143 1950 qua
1187 1911 1314 1937 sermo
1360 1903 1431 1945 est,
1483 1897 1692 1936 dimidium
1731 1899 1909 1936 omnium

0 1944 81 2026 Ῡ
76 1980 294 2007 versuum
325 1974 433 2006 caret
442 1966 491 2021 ³).

0 2027 20 2045 ”⁴⁸
218 2035 318 2074 Cum
356 2037 523 2084 ratione,
569 2050 648 2087 qua
685 2036 925 2074 Theocritus
962 2037 1004 2074 in
1041 2036 1163 2073 variis
1209 2037 1430 2074 carminum
1474 2035 1690 2087 generibus
1733 2036 1912 2088 singulas

0 2094 64 2162 ,Ξ
100 2111 291 2144 ‘versuum
320 2106 468 2144 formas
499 2106 723 2158 usurpavit,
761 2105 803 2144 id
832 2105 942 2145 haud
973 2105 1095 2144 dubie
1126 2106 1383 2145 coniunctum
1415 2111 1487 2154 est,
1533 2105 1641 2157 quod
1674 2107 1714 2144 in
1747 2106 1911 2158 edylliis

0 2162 76 2229 ᾗ
90 2174 259 2226 generis
278 2173 452 2213 bucolici
474 2175 648 2213 omnium
670 2174 940 2226 spondeorum
956 2183 1144 2213 numerus
1160 2175 1361 2226 reperitur
1375 2187 1448 2226 pro
1465 2179 1550 2212 rata
1567 2180 1682 2226 parte
1698 2176 1910 2222 maximus,

0 2225 69 2295 {22⁴}
63 2279 72 2290 =‚
86 2243 290 2283 minimus
311 2244 353 2284 in
374 2244 616 2283 carminibus
638 2245 781 2296 epicis;
811 2244 987 2284 medium
1008 2244 1084 2283 hac
1115 2245 1156 2282 in
1186 2258 1229 2283 re
1249 2249 1389 2282 tenent
1409 2243 1540 2282 locum
1563 2243 1716 2296 edyllia
1738 2245 1910 2283 mimica.

60 2298 287 2366 {venustant
317 2314 436 2361 enim,
474 2315 507 2353 si
540 2314 718 2366 quinque
748 2313 927 2366 priorum
958 2319 1113 2351 tantum
1145 2312 1264 2351 modo
1294 2312 1444 2364 pedum
1475 2313 1672 2352 rationem
1703 2313 1909 2362 habemus,

271 2393 355 2431 876
369 2407 510 2432 versus
530 2395 750 2432 carminum
786 2394 877 2432 buc.
997 2406 1049 2432 ex
1071 2394 1183 2432 3175
1207 2393 1394 2446 dactylis,
1430 2395 1539 2432 1205
1561 2393 1769 2445 spondeis;

270 2461 353 2515 443
1081 2464 1191 2502 1637
1318 2493 1334 2511 „
1462 2464 1544 2502 578
1658 2492 1675 2510 „

435 2494 454 2516 ῃ
637 2495 656 2517 „
791 2463 898 2503 mim.
1024 2495 1044 2518 ῃ

243 2531 353 2570 1058
436 2561 453 2579 „
636 2561 655 2581 „
786 2533 888 2583 epic.
1022 2561 1042 2581 „
1076 2534 1191 2571 4007
1314 2563 1334 2582 „
1429 2533 1540 2582 1283),
1655 2561 1672 2580 „

241 2614 354 2654 2377
368 2626 507 2652 versus
521 2614 696 2652 omnium
713 2606 769 2651 cc.
781 2613 988 2652 Theocrit.
999 2627 1050 2653 ex
1070 2615 1182 2653 8819
1206 2614 1393 2665 dactylis,
1424 2616 1535 2654 3066
1559 2614 1763 2666 spondeis.

216 2715 244 2760 ²)
258 2714 385 2767 Agitur
401 2715 436 2748 h.
454 2715 480 2748 l.
498 2714 541 2747 de
567 2715 653 2748 solis
670 2714 841 2756 versibus,
867 2724 1017 2758 quorum
1041 2715 1079 2747 in
1104 2714 1188 2747 sede
1214 2715 1337 2757 quinta
1363 2718 1457 2747 extat
1474 2714 1654 2758 dactylus3
1681 2715 1725 2747 de
1749 2715 1911 2748 versibus

192 2773 305 2817 diacis
328 2773 422 2806 infra
446 2774 647 2806 accuratius
672 2776 876 2816 exponetur.

209 2827 277 2879 ³)
270 2830 332 2864 Cf:
350 2841 383 2874 p.
409 2831 455 2864 55
480 2840 556 2873 sqq.
