2051 3341
110 117 190 174 104
275 144 277 147 .

73 243 327 304 J(XCVII);
373 243 521 283 deinde
564 249 752 283 secuntur
782 242 899 280 tertia
932 239 1078 294 (XC-1),
1112 241 1252 292 quinta
1285 238 1476 295 (LXXI),
1510 243 1638 295 prima
1668 230 1905 297 (XXVIII).

110 313 303 353 videntur
358 327 455 353 vero
515 314 585 352 alii
644 317 788 364 poetae
846 310 945 348 alias
1002 322 1141 348 versus
1199 311 1308 348 arses
1367 311 1542 362 aptiores
1600 311 1810 361 iudicasse,
1868 313 1911 352 in

2018 289 2051 343 ,Ὺ

112 383 258 435 quibus
303 383 513 434 longarum
558 381 807 434 syllabarum
849 378 1042 426 finalium,
1088 391 1191 429 quae
1234 379 1275 416 in
1314 378 1428 417 hiatu
1464 386 1600 419 essent
1638 382 1805 434 positae,
1850 382 1941 426 vis-⁴

113 459 357 492 servaretur.
1429 496 1431 498 Ι

231 524 280 561 In
311 522 385 560 hac
406 534 448 559 re
477 525 608 559 autem
638 518 791 565 eadem,
823 530 943 570 quam
966 516 1063 555 alibi
1087 530 1248 569 quoque
1267 518 1363 557 licet
1385 518 1614 568 observare,
1647 521 1753 572 apud
1777 515 1913 563 Theo-¹

120 593 261 631 critum
304 592 369 629 lex
401 590 523 637 valet,
572 587 676 640 quod
708 588 854 639 longae
885 587 1046 627 vocales
1091 603 1132 638 oc,
1174 602 1214 640 η,
1247 602 1280 628 ω
1314 594 1355 627 et
1386 587 1626 641 diphthongi
1657 604 1707 644 ᾳ,
1729 605 1770 645 ῃ,
1802 605 1834 646 ῳ
1864 592 1904 630 in

117 661 194 699 hoc
238 660 369 698 hiatus
413 671 560 709 genere
603 657 727 695 multo
773 657 935 708 saepius
967 670 1040 708 pro
1072 662 1160 694 rata
1191 662 1306 708 parte
1337 658 1598 696 inveniuntur
1636 671 1755 710 quam
1798 660 1922 712 diph-.

97 730 251 780 ‘thongi
298 744 356 778 αι,
400 742 451 778 ει,
496 742 550 777 οι,
596 736 659 778 ευ,
705 742 770 767 ου.
819 726 909 764 illas
942 727 1121 765 enimin
1163 727 1255 777 plus
1288 726 1441 765 duabus
1473 727 1654 779 partibus
1677 726 1911 783 (XLVIII)

115 799 289 837 omnium
324 797 598 847 exemplorum
628 796 813 848 legimus,
845 796 930 840 has,
951 796 1021 833 vix
1053 796 1094 833 in
1126 801 1240 847 parte
1272 797 1400 834 tertia
1423 795 1603 851 (XXII).
1633 810 1763 849 neque
1795 798 1914 837 debet

63 910 66 913 ¹
117 866 278 917 neglegi
309 866 656 916 interpunctiones
700 865 741 902 in
785 864 969 903 omnibus
1000 864 1208 916 exemplis,
1258 877 1361 916 quae
1390 864 1541 904 habent
1571 865 1711 918 longas
1755 866 1913 906 vocales

118 935 203 990 (vel
235 936 477 988 diphtongos
509 950 550 989 qe,
581 950 622 989 «ῃ,
655 933 719 990 ῳ),
764 948 843 972 non
877 935 1036 986 saepius
1068 933 1118 971 ad
1149 934 1303 972 hiatum
1334 934 1525 973 accedere
1558 949 1676 987 quam
1707 937 1748 975 in
1781 950 1912 976 exem-

116 1006 196 1058 plis
229 1004 500 1057 diphthongos
533 1019 592 1055 αι,
624 1018 675 1055 ει,
707 1019 762 1055 οι,
795 1018 858 1055 ευ,
890 1018 943 1044 ου
974 1001 1275 1053 exhibentibus;
1310 1009 1505 1056 quaterna
1536 1005 1641 1043 enim
1670 1005 1711 1043 in
1743 1011 1912 1058 utraque

115 1077 298 1114 hiatuum
340 1080 457 1126 parte
506 1074 693 1125 exempla
732 1075 791 1112 'ita
829 1079 1060 1126 comparata
1083 1075 1299 1121 invenies,
1351 1059 1395 1112 ut
1425 1076 1466 1113 in
1497 1075 1651 1113 hiatum
1684 1076 1799 1113 cadat
1829 1089 1913 1114 ora-

115 1145 236 1198 tionis
270 1143 475 1198 distinctio
509 1141 667 1197 (longas
700 1142 861 1181 vocales
893 1143 1162 1194 interpunctio
1195 1144 1375 1195 sequitur
1406 1144 1446 1182 in
1478 1158 1546 1186 vv.
1568 1145 1636 1183 III
1658 1146 1726 1193 42,
1755 1145 1794 1183 V
1820 1144 1913 1193 116,

113 1215 159 1253 II
193 1214 288 1262 145,
319 1213 469 1252 XXIV
503 1216 571 1262 92,
605 1213 878 1266 diphthongos
910 1213 1082 1252 leviores
1114 1214 1155 1251 in
1187 1227 1253 1254 vv.
1277 1214 1344 1252 ΙΙΙ
1368 1214 1434 1262 39,
1457 1214 1522 1252 XI
1545 1215 1611 1263 45,
1635 1215 1679 1253 II
1702 1216 1768 1260 61,
1801 1212 1913 1268 158).

117 1288 230 1335 patet
261 1283 384 1334 igitur
415 1284 536 1321 etiam
567 1282 643 1320 hac
676 1295 726 1321 ex
756 1296 800 1321 re
831 1283 871 1320 in
903 1282 1113 1321 Theocriti
1146 1282 1388 1324 carminibus
1418 1282 1579 1322 vocales
1611 1283 1749 1335 longas
1788 1283 1915 1322 multo
1950 1277 1965 1330 J

113 1352 310 1392 firmiores
354 1365 442 1391 sese
488 1358 695 1404 praestare
742 1366 863 1403 quam
908 1351 1178 1403 diphthongos
1222 1352 1357 1391 etad
1400 1353 1480 1390 vim
1530 1366 1643 1391 suam
1674 1353 1915 1392 servandam

116 1423 243 1461 multo
290 1423 422 1461 minus
470 1422 713 1461 adiumentis
757 1423 841 1460 eius
886 1421 1007 1468 modi,
1052 1422 1171 1473 quale
1215 1428 1295 1460 est.
1319 1423 1603 1474 interpunctio,
1638 1436 1768 1474 egere.
1802 1419 1916 1462 varia

117 1498 250 1531 autem
283 1492 504 1530 carminum
534 1505 685 1543 genera
715 1492 748 1530 si
781 1497 1020 1543 spectamus,
1064 1492 1106 1530 in
1137 1492 1276 1543 primis
1307 1492 1348 1529 in
1381 1490 1544 1544 edylliis
1575 1491 1705 1533 bucol.
1739 1498 1778 1531 et
1810 1493 1916 1532 mim.

120 1561 392 1614 diphthongos
422 1562 597 1601 leviores
629 1562 830 1600 rarissime
863 1562 904 1599 in
937 1561 1060 1609 hiatu,
1095 1560 1144 1599 de
1176 1574 1255 1613 quo
1277 1575 1406 1600 sermo
1428 1567 1500 1611 est,
1523 1562 1764 1611 invenimus,
1795 1562 1916 1615 paulo

127 1633 297 1685 saepius·
318 1633 359 1670 in
392 1632 633 1671 carminibus
665 1632 803 1683 epicis.
1678 1631 1680 1633 ’
1833 1630 1836 1633 ’

237 1703 293 1742 Ut
323 1716 419 1741 vero
451 1701 503 1740 ad
534 1702 695 1753 singula
725 1701 908 1740 hiatuum
941 1701 1128 1753 exempla
1166 1700 1376 1746 ,tractanda
1408 1701 1656 1751 accedamus,
1700 1703 1740 1740 in
1779 1703 1916 1754 primis
1951 1748 1954 1749 ⁷

117 1774 145 1824 ii
191 1773 323 1824 hiatu-s
368 1786 392 1810 a
435 1772 579 1811 ceteris
623 1770 838 1824 separandi
868 1777 974 1820 sunt,
1019 1771 1088 1823 qui
1121 1776 1259 1810 extant
1291 1776 1548 1819 antevoces,
1583 1785 1752 1824 quarum
1784 1769 1918 1811 littera

119 1843 289 1881 initialis
322 1842 418 1880 olim
450 1841 528 1880 fuit
560 1840 775 1893 digamma.
809 1855 855 1880 ac
885 1841 1118 1893 saepissime
1152 1846 1244 1880 ante
1276 1854 1494 1893 pronomen
1538 1842 1682 1881 tertiae
1724 1855 1929 1894 personae·
1962 1856 1967 1859 ·

117 1911 192 1967 (οἷ,
236 1909 372 1964 ἕθεν),
417 1912 480 1953 cui
524 1924 662 1950 omnes
708 1916 854 1962 poetae
896 1908 1117 1949 Homerum
1161 1911 1288 1949 secuti
1331 1911 1523 1949 maiorem
1564 1911 1647 1949 vim
1678 1911 1918 1963 tribuerunt,

99 1979 265 2032 'longae
298 1975 482 2031 syllabae
501 1981 555 2018 -in
586 1980 699 2018 hiatu
731 1981 889 2031 positae
920 1980 981 2018 vis
1013 1985 1214 2017 servatur:
1247 1977 1291 2033 a)
1320 1980 1342 2017 Ι
1372 1981 1426 2021 18
1456 1980 1538 2020 καί,
1559 1979 1601 2020 οἱ
1632 1979 1700 2020 ἀεί
1724 1981 1745 2018 Ι
1782 1978 1918 2033 (Hom.
1964 2020 1967 2022 ,
2005 2026 2008 2028 ‚

118 2052 159 2091 A
191 2052 273 2090 789
308 2050 382 2090 καί
411 2049 454 2090 οἱ
485 2050 711 2103 σημαίνειν
743 2048 795 2103 1),
828 2050 895 2087 111
927 2051 980 2088 36
1014 2049 1141 2089 εωσῶ
1175 2048 1217 2090 οἱ
1247 2049 1332 2097 111;
1367 2047 1404 2102 c)
1428 2049 1556 2088 XVII
1578 2051 1633 2089 90
1664 2048 1758 2090 ἐπεί
1787 2050 1829 2091 οἱ
1860 2045 1949 2090 IV'
2009 2042 2026 2046 ’“

121 2118 257 2173 (Hom.
291 2120 350 2160 M
387 2120 470 2158 407
515 2118 570 2160 id.
614 2119 658 2157 II
703 2136 755 2154 =
800 2120 839 2159 P
878 2111 1173 2172 577),‚XXIV
1208 2119 1288 2157 123
1332 2118 1407 2159 καί
1446 2118 1487 2159 οἱ
1530 2117 1675 2172 ἀαγεῐς
1710 2112 1937 2173 ν’(ΗοιΪιμ

120 2189 167 2230 Κ
206 2191 287 2230 328
334 2189 409 2230 καί
438 2188 480 2230 οἱ
512 2189 699 2243 ὄμοσσεν
729 2186 798 2243 V),
829 2188 953 2228 XXV
986 2190 1038 2228 37
1073 2187 1120 2230 οἳ
1146 2188 1187 2230 οἱ
1218 2187 1340 2230 ἔασιν
1372 2188 1416 2228 II
1460 2186 1609 2243 (Hom.-
1630 2203 1655 2229 κ
1687 2189 1769 2229 349
1803 2188 1852 2231 αἴ
1880 2189 1922 2231 οἱ

121 2259 244 2313 δῶμα
286 2257 361 2312 ΙΙ),
408 2260 462 2298 80
507 2259 549 2299 εἴ
587 2257 629 2299 οἱ
669 2258 744 2298 καί
785 2259 807 2297 I
854 2256 991 2312 (Hom.
1043 2259 1092 2298 Ψ
1118 2260 1200 2298 832
1232 2257 1287 2297 id.
1319 2257 1373 2313 Ι),
1407 2259 1490 2297 203
1523 2257 1571 2298 οἴ
1596 2257 1699 2299 ἑθεν
1729 2259 1751 2297 Ι
1783 2257 1920 2313 (Hom.

126 2332 165 2370 Y
191 2330 275 2368 305
310 2329 354 2369 οἳ
383 2327 486 2369 ἕθεν
518 2328 569 2382 1).
619 2334 828 2380 praeterea
859 2328 1109 2381 syllabarum
1139 2328 1424 2380 productiones
1463 2327 1640 2367 eiusdem
1672 2330 1830 2380 generis
1862 2330 1923 2369 his

122 2398 221 2438 locis
244 2398 450 2449 leguntur:
474 2395 516 2451 b)
541 2398 585 2435 II
609 2398 658 2436 51
683 2397 929 2453 μαινομένῳ
952 2399 1091 2446 ἴκελος
1111 2397 1156 2435 II
1178 2395 1316 2452 (Hom.
1339 2388 1383 2436 Ω
1413 2397 1494 2436 758
1523 2402 1674 2448 κεῖσαι,
1704 2403 1762 2453 τῷ
1785 2399 1924 2448 ἴκελος

124 2469 180 2516 II,
214 2468 407 2520 Apollon.
446 2454 578 2506 Rhod.
612 2469 655 2507 A
688 2469 797 2507 1678
829 2467 1049 2522 τηκομένῳ
1081 2468 1220 2515 ἴκελος
1249 2465 1324 2520 11),
1371 2466 1453 2506 XV
1486 2468 1569 2506 110
1606 2454 1754 2522 Ἑλένᾳ
1784 2468 1924 2509 εἰκυῖα
1997 2499 1999 2501 »
2045 2496 2051 2508 2

123 2537 161 2575 V
184 2524 319 2591 (Hom.
342 2552 372 2590 μ
394 2539 446 2576 79
468 2534 692 2591 περιξέστῃ
719 2535 858 2577 ἐικυῖα
878 2536 930 2584 V,
969 2537 1017 2574 cf.
1053 2537 1172 2574 etiam
1202 2535 1317 2574 Arat.
1353 2537 1449 2586 854,
1473 2538 1571 2586 892,
1599 2536 1737 2594 Quint.
1762 2537 1922 2590 Smyrn.
1947 2589 1951 2592 ι

124 2621 151 2647 α
185 2604 308 2660 306);
342 2604 379 2660 c)
412 2605 607 2645 accedunt
639 2615 719 2645 tres
752 2606 885 2645 hiatus
910 2619 960 2645 ex
982 2604 1147 2659 edylliis
1169 2606 1304 2659 epicis,
1334 2607 1375 2645 in
1398 2607 1542 2660 quibus
1573 2592 1756 2647 omnibus
1776 2606 1925 2660 legitur

120 2675 267 2715 vocula
300 2672 368 2716 εὖ.·
397 2676 507 2715 ΧΙΙΙ
541 2677 591 2714 15
625 2674 674 2718 εὖ
706 2675 843 2717 ἕλκων
874 2677 930 2725 ΙΙ,
953 2677 1058 2716 XVI
1082 2679 1132 2716 13
1167 2674 1215 2718 εὖ
1246 2676 1422 2718 εἰπόντα
1452 2677 1525 2726 IV,
1559 2678 1610 2716 25
1643 2674 1692 2718 εὖ
1722 2674 1841 2732 ἔρξαι
1865 2677 1922 2716 II.

238 2746 287 2785 In
319 2745 505 2795 hiatibus,
551 2747 620 2799 qui
653 2752 793 2787 extant
824 2753 918 2787 ante
948 2760 1088 2796 voces,
1127 2761 1233 2801 quae
1265 2746 1616 2801 semper'“voeales
1647 2745 1851 2786 habebant
1882 2746 1924 2785 in

121 2817 251 2869 initio,
285 2815 393 2867 apud
417 2816 680 2855 Theocritum
702 2818 888 2856 similiter
909 2823 1031 2869 atque
1058 2819 1100 2856 in
1122 2818 1291 2858 Homeri
1315 2818 1561 2856 carminibus
1574 2815 1604 2871 ¹)
1627 2818 1669 2855 in
1693 2816 1925 2868 universum

240 2965 266 3012 ¹)
292 2965 345 2998 Of.
371 2965 505 2999 Ha'rtel.
530 2965 552 3000 l.
581 2977 608 2998 c.
635 2967 671 2999 11
696 2969 739 3007 32
765 2978 853 3010 sqq.,
880 2968 935 3009 39,
960 2968 1004 2999 43
1031 2978 1082 3009 sq.
