2051 3341
238 306 548 360 Cori-cptionum
580 313 726 358 autem,
760 319 862 360 quae
893 318 1024 359 neque
1054 305 1096 344 in
1127 300 1356 358 nominibus
1394 305 1569 359 propriis
1615 310 1756 365 extant
1780 307 1919 359 neque
1971 296 1993 344 32

117 377 275 414 ratione
317 377 451 429 priore
478 377 585 417 eloco
623 377 806 428 exposita
835 376 1055 422 leniuntur,
1087 374 1307 429 pleraeque
1338 380 1432 413 ante
1459 382 1590 414 mutas
1634 389 1721 415 cum
1753 374 1920 427 liquidis
1945 387 1947 389 ·

119 461 144 500 ρ
176 452 246 485 aut
274 462 302 487 ν
333 446 565 485 coniunctas
608 445 885 493 inveniuntur3
934 457 957 483 e
999 442 1167 482 vocibus
1209 443 1331 497 enim,
1376 444 1416 482 in
1450 444 1595 496 quibus
1633 444 1785 484 vocalis
1814 444 1920 483 inse-

119 521 268 568 quente
301 521 411 553 muta
442 528 528 552 cum
561 529 592 567 μ
624 514 687 552 vel
718 515 743 553 λ
773 513 940 565 liquidis
973 514 1160 564 copulata
1192 514 1416 564 corripitur,
1449 513 1525 551 hae
1556 518 1712 554 tanturn
1745 513 1783 551 h.
1817 512 1924 551 lsin

119 599 283 624 censum
325 585 510 622 veniunt:
545 581 830 636 ἀρῖθμεῦντι,
849 588 1071 633 -εῢνται,
1102 582 1270 636 -ητοί,
1306 583 1401 623 -εἴ
1441 578 1568 636 (VIII
1605 583 1675 631 16;
1719 580 1823 621 XIV
1854 574 1923 630 48,
1973 587 1979 592 ”
2041 559 2045 563 ’

117 653 244 693 XVII
276 654 342 701 27,
383 652 510 704 epigr.
554 650 647 692 dub.
691 651 797 691 XIV
840 651 899 706 4),
955 643 1262 706 ἑπταδρᾶχμως
1307 651 1406 705 (XV
1459 648 1541 701 19),
1580 644 1747 704 πότμος
1777 650 1922 715 (epigr.

119 722 212 761 dub.
245 722 310 760 IX
343 718 400 774 3),
434 720 605 774 ῥῠθμός
637 720 804 773 (XXVI
836 719 924 775 23),
958 721 1130 774 στᾶθμά
1161 720 1326 775 (XXIV
1360 717 1449 776 15);
1482 720 1655 772 κόχλίας
1683 720 1803 770 (XIV
1838 712 1922 767 17),

116 784 251 831 κῠκλα
284 790 424 840 (XXV
458 787 575 845 249),
607 789 873 844 κῠκλάμινον
905 789 956 838 (V
992 790 1100 839 123),
1135 780 1247 831 ῠπλα
1263 789 1390 843 (ΧΙΙΙ
1422 790 1490 839 52,
1523 788 1630 827 XVI
1662 778 1750 841 96),
1784 789 1923 887 ὄχλος,
1963 778 1989 815 ‘,

118 874 208 899 -ω
242 860 344 915 (XV
376 861 416 908 5,
449 861 517 908 44,
552 857 640 914 59),
671 859 835 913 τῦφλός
865 858 925 914 (Χ
957 857 1043 912 19).

233 929 276 967 Si
309 929 603 981 correptionum
634 928 836 980 exempla,
869 941 973 981 quae
1005 941 1127 981 supra
1157 929 1351 981 congessi,
1385 929 1677 981 comparaveris
1701 941 1789 967 cum
1810 928 1922 976 locis,
1985 964 1989 966 .
2038 959 2040 961 .

116 999 260 1051 quibus
302 999 462 1038 vocales
504 999 741 1050 insequente
783 1002 893 1037 muta
935 1011 967 1037 c.
1000 997 1027 1037 l.
1065 998 1351 1051 producuntur,
1394 999 1534 1050 fugere
1574 1004 1618 1036 te
1660 999 1729 1037 vix
1772 993 1920 1050 poterit

114 1068 466 1121 nonnum-quam
498 1068 542 1105 in
565 1066 846 1125 vocibus‘ab
873 1080 967 1105 una
987 1066 1251 1120 eademque
1272 1068 1424 1120 stirpe
1446 1067 1681 1106 derivatis
1702 1067 1922 1106 vocalem

115 1137 248 1177 modo
294 1137 495 1190 produci
538 1136 671 1176 modo
703 1137 908 1189 corripi.
952 1142 1073 1189 atque
1108 1137 1225 1177 huius
1261 1136 1368 1176 modi
1398 1136 1596 1176 vocabula
1626 1141 1670 1174 ut
1699 1137 1923 1183 accuratius

115 1208 372 1260 inspiciamus
414 1206 613 1259 reliquum
656 1212 726 1246 est.
772 1219 851 1258 qua
893 1207 934 1245 in
971 1220 1015 1245 re
1052 1208 1245 1245 monitum
1274 1207 1396 1245 velim
1433 1219 1568 1245 earum
1592 1205 1922 1258 ‘productionum,
1975 1205 1979 1208 ’
2032 1210 2051 1240 ‘ae

116 1290 219 1328 quae
263 1278 302 1315 in
343 1277 421 1315 ar-si
460 1282 613 1324 extant,
643 1285 745 1314 vcum
781 1267 945 1328 propter
981 1277 1110 1329 ipsam
1146 1278 1244 1317 arsis
1273 1278 1355 1315 vim
1392 1276 1507 1315 aliter
1544 1277 1624 1315 sint
1655 1281 1922 1328 comparatae,

115 1343 270 1385 nullam
313 1359 377 1384 me
420 1345 570 1385 habere
606 1345 815 1394 rationem,
859 1344 928 1385 sed
973 1358 1110 1386 earum
1146 1346 1275 1395 modo,
1298 1359 1421 1399 ,quae
1451 1346 1704 1399 reperiuntur
1733 1345 1773 1384 in
1804 1344 1922 1385 thesi.

114 1429 233 1454 voces
270 1420 417 1462 autem,
462 1428 565 1467 quae
601 1413 680 1453 huc
716 1419 911 1463 spectant,
954 1427 1028 1468 per
1063 1416 1240 1468 singulas
1278 1414 1454 1467 digeram
1494 1401 1689 1454 consonas
1727 1413 1922 1467 liquidas:

128 1482 130 1485 ’
491 1481 494 1485 “
898 1478 902 1481 ’
995 1485 1031 1525 λ.

230 1566 250 1593 ε
280 1552 470 1591 vocabuli
513 1551 704 1593 ἔκλαυσε
746 1553 981 1606 producitur
1021 1554 1043 1592 I
1075 1555 1143 1600 72,
1187 1553 1401 1604 corripitur
1441 1553 1483 1590 in
1527 1566 1560 1591 c.
1592 1551 1694 1590 dubg
1719 1552 1807 1591 XX
1844 1554 1922 1613 363

113 1637 133 1664 ε
178 1624 220 1661 in
264 1621 416 1663 ἔκλαιε
458 1622 695 1675 producitur
736 1623 777 1662 in
822 1635 855 1662 c.
889 1622 982 1663 dub.
1013 1621 1167 1662 XXIII
1199 1623 1265 1662 17.
1298 1644 1351 1660 -ψ
1384 1635 1405 1663 ε
1441 1622 1483 1660 iu
1514 1633 1615 1660 voce
1650 1619 1801 1663 ἔκλινε
1831 1636 1921 1675 pro-

113 1692 272 1731 ducitur
305 1691 353 1730 ΙΙ
388 1693 481 1740 139,
524 1692 565 1730 in
607 1702 708 1730 voce
751 1690 939 1746 ἐκλίνθη
983 1676 1195 1744 corripitur
1231 1691 1298 1731 111
1334 1692 1408 1740 443
1454 1691 1637 1730 similiter
1678 1690 1919 1731 vocabulum

114 1760 392 1809 ἀποκλινθείς
406 1759 492 1815 (111
520 1757 595 1815 38)
622 1760 803 1800 vocalem
826 1776 851 1802 o
872 1756 1093 1813 correptam
1114 1759 1248 1800 habet.
1281 1760 1343 1799 his
1357 1773 1446 1799 cum
1475 1759 1575 1799 locis
1597 1760 1778 1800 conferas
1799 1761 1922 1801 velim

112 1831 233 1870 Hom.
249 1825 291 1878 Ξ
306 1832 389 1869 510
410 1831 546 1885 ἤρατ’,
567 1825 662 1871 ἐπεί
690 1828 727 1884 ῥ’
749 1828 888 1870 ἔκλινε
916 1830 1057 1884 μάχην
1086 1835 1127 1869 et
1157 1843 1189 1883 φ
1215 1830 1294 1869 138
1316 1829 1453 1871 αὐτοῦ
1483 1829 1521 1870 δ’
1544 1829 1634 1870 ὠκὺ
1663 1829 1788 1884 βέλος
1816 1832 1923 1886 καλῇ
1963 1889 1967 1894 Ι

115 1901 343 1954 προέκλινε
393 1900 566 1953 κορώνῃ
607 1900 672 1938 vel
715 1913 738 1939 τ
781 1901 865 1938 470
910 1898 970 1948 ἂψ
1022 1899 1058 1939 δ’
1082 1897 1250 1953 ἑτέρωσ’
1289 1897 1451 1952 ἐκλίθη.
1488 1923 1545 1929 —
1582 1914 1602 1941 ε
1638 1899 1681 1938 in
1724 1900 1921 1940 vocabulo

112 1969 165 2010 ἔκ
176 1967 352 2024 λεψεζν)
373 1962 607 2021 producitur
626 1968 663 2008 V
680 1964 746 2019 19,
762 1966 971 2021 corripitur
990 1967 1074 2008 ibid
1097 1966 1136 2010 v.
1166 1969 1205 2014 2,
1236 1969 1278 2007 in
1308 1981 1408 2008 voce
1436 1966 1665 2010 έκλέπτετε
1694 1968 1924 2021 producitur

111 2039 241 2090 prima
270 2039 428 2090 syllaba
458 2052 497 2078 v.
529 2038 661 2077 XXII
694 2039 788 2077 151.
817 2061 875 2068 -
905 2053 933 2078 α
962 2038 1149 2077 vocabuli
1193 2039 1405 2093 Ἡρακλῆς
1439 2038 1672 2091 producitur
1695 2029 1748 2078 ‘in
1785 2040 1922 2079 formis

111 2107 291 2160 genetivi
322 2112 362 2147 et
393 2104 521 2147 dativi*
547 2111 697 2161 -ῆος,
728 2105 830 2161 -ῆι
862 2104 988 2162 (XIII
1019 2105 1149 2161 locis),
1183 2107 1395 2159 corripitur
1433 2108 1473 2146 iu
1516 2108 1754 2146 nominativi
1794 2109 1922 2148 forma

118 2177 354 2231 “Ηρακλέης
392 2177 519 2231 (ΧΙῙΙ
551 2179 618 2225 64,
650 2177 800 2215 XXIV
834 2174 950 2231 103),
993 2177 1071 2215 nisi
1107 2177 1211 2216 forte
1246 2177 1348 2216 haec
1378 2191 1458 2216 vox
1488 2190 1561 2230 per
1591 2177 1803 2228 synizesim·
1823 2175 1919 2230 pro·

112 2246 340 2286 nuntianda
385 2252 458 2295 est,
503 2245 545 2285 id
589 2245 695 2298 quod
737 2245 844 2299 apud
876 2245 1073 2295 Quintum
1103 2246 1370 2300 Smyrnaeum
1399 2248 1484 2286 veri
1521 2247 1649 2285 simile
1687 2261 1775 2286 esse
1804 2254 1921 2300 putat
1996 2249 1999 2251 ’
2035 2238 2043 2242 ,

112 2314 373 2369 Ludwich¹);
417 2316 488 2355 sed
530 2312 618 2369 ipse
647 2315 832 2365 Nonum,
877 2317 946 2368 qui
982 2317 1024 2355 in
1061 2316 1311 2356 admittenda
1349 2316 1493 2357 mediis
1523 2317 1565 2356 in
1595 2316 1804 2357 vocabulis
1836 2318 1936 2358 cor-⁴

113 2385 297 2437 reptione
319 2385 456 2423 Attica
486 2383 779 2438 angustissimis
811 2397 901 2424 sose
932 2386 1129 2435 continuit
1148 2386 1307 2434 finibus,
1340 2386 1581 2425 vocabulum
1610 2385 1711 2425 illud
1737 2394 1919 2439 correpta
1982 2385 1994 2389 ’”

116 2455 276 2506 syllaba
296 2455 426 2495 altera
445 2456 678 2509 ursurpavit
687 2453 737 2510 2).
759 2459 923 2508 prorsus
944 2455 1126 2494 similiter
1148 2461 1270 2508 atque
1290 2456 1332 2495 in
1353 2456 1489 2495 formis
1510 2455 1682 2495 nominis
1708 2457 1920 2512 Ἡρακλῆς
1950 2508 1952 2511 y

112 2537 175 2564 res
197 2537 240 2564 se
271 2524 395 2564 habet
424 2522 465 2566 in
496 2525 634 2565 formis
661 2524 874 2580 Ἰφῖκλέης
905 2524 1070 2577 (XXIV
1094 2523 1167 2580 25)
1200 2532 1241 2565 et
1268 2525 1462 2581 Ἰφικλῆα
1491 2525 1658 2581 (XXIV
1680 2526 1720 2575 2,
1754 2524 1839 2579 61).
1864 2549 1917 2556 —-

110 2607 130 2632 ε
160 2589 201 2631 in
231 2607 330 2632 voce
361 2592 619 2648 κεκλήσεται
649 2595 884 2647 producitur
912 2595 1042 2643 XXIJI
1072 2598 1140 2643 69,
1172 2596 1319 2635 XXIV
1353 2598 1420 2643 84,
1453 2596 1495 2634 in
1525 2595 1768 2653 κεκλήσεαι
1783 2595 1920 2635 >XXII
1958 2635 1960 2637 ,

111 2664 179 2710 71,
211 2664 250 2701 in
282 2664 562 2718 κεκλημένος
581 2664 730 2704 XXIV
755 2664 1009 2713 104300ntm
1043 2679 1058 2704 ι
1089 2665 1299 2717 corripitur
1327 2665 1366 2704 in
1389 2664 1648 2718 κικλήσκων
1662 2664 1799 2712 'XXII
1824 2666 1917 2705 133.

116 2754 160 2760 —-
197 2746 226 2771 v
256 2732 297 2770 in
329 2733 527 2771 vocabulo
558 2735 751 2783 Κύκλωψ
782 2734 843 2772 bis
873 2734 1105 2785 producitur
1135 2735 1175 2774 in
1214 2749 1255 2775 v.
1291 2735 1356 2773 XI
1400 2736 1467 2787 72,
1512 2734 1610 2773 locis
1652 2734 1793 2773 ceteris
1837 2748 1919 2774 cor-

108 2801 272 2853 ripitur:
295 2800 348 2840 id.
371 2800 467 2841 ibid.
491 2804 530 2851 8,
554 2803 796 2852 Κύκλωπος
824 2803 931 2842 XVI
962 2804 1029 2853 53,
1062 2804 1318 2845 Κυκλώπων
1347 2804 1413 2844 ΧΙ
1445 2805 1511 2843 38.
1543 2826 1599 2833 -
1632 2812 1661 2843 ε’
1681 2804 1722 2841 in
1752 2805 1919 2861 πεπλα·

109 2871 271 2922 σμένον
300 2871 533 2920 producitur
563 2873 644 2909 VII
675 2875 744 2919 44,
779 2874 987 2923 corripitur
1017 2874 1057 2910 in
1089 2873 1285 2913 ἔπλασσε
1315 2874 1463 2912 XXIV
1498 2875 1599 2912 109.

227 2961 255 3004 ¹)
282 2961 334 2994 cf.
360 2962 453 2999 Anu,
477 2963 599 3004 philol.
627 2942 707 2996 cix
735 2962 858 3008 (1874)
883 2965 951 2998 234
976 2940 1057 2997 adn.

226 3015 252 3061 ²)
279 3017 332 3052 Cf.
358 3018 496 3052 Lehrsii
520 3019 692 3059 ‘Qunestt.
719 3019 784 3063 ep!
808 3031 841 3063 p.
867 3022 946 3054 262.
