2051 3336
1878 112 1933 160 ‘077

127 236 281 283 XVIII
320 240 393 292 12
431 240 498 286 16,
538 241 613 288 47;
665 243 700 290 c)
737 240 845 296 XIII
888 240 962 287 1S;
1007 238 1135 277 XVII
1171 239 1347 287 66,86,
1394 239 1496 287 130,
1538 238 1668 277 XXII
1701 237 1938 286 100,153;

128 307 279 351 XXIV
310 309 385 358 93;
415 307 541 347 XXV
574 309 639 357 16,
673 309 742 357 87,
779 290 880 356 1‘253
910 307 998 346 XII
1029 308 1075 356 9,
1113 309 1154 357 d)
1183 283 1291 346 XXI
1322 309 1390 356 28,
1425 308 1500 357 34;
1538 307 1688 346 ΧΧΠΙ
1721 308 1788 346 21,
1839 319 1937 348 ιιοιι-

10 406 54 437 ὲ
131 389 350 429 numquam
385 378 557 424 voculae
597 378 691 431 μέν,
728 378 791 430 δέ,
828 377 913 432 γάρ
955 377 997 415 in
1044 376 1265 415 hexametri
1305 378 1416 416 exitu
1445 377 1651 428 leguntur:
1690 379 1732 426 a)
1763 376 1831 415 ΠΙ
1861 377 1936 424 32;

127 444 170 500 ο)
202 446 311 484 xm
341 447 413 495 253
455 447 584 486 XXII
616 449 712 497 112,
744 449 871 500 epigr.
902 446 1012 485 xm
1042 447 1085 495 53
1124 444 1168 500 a)
1204 447 1289 485 xx
1320 448 1393 495 26;
1423 446 1532 485 XXI
1562 446 1634 495 203
1678 445 1831 484 xxm
1861 447 1937 493 58;

5 505 14 589 Ξ
80 554 83 556 ,
131 515 260 568 epigr.
292 515 354 555 IV
384 517 422 557 5.

247 584 325 625 Sed
346 587 574 641 nonrsolum
597 589 654 625 eis
674 586 786 634 locis,
810 598 911 638 quos
933 584 1074 632 adtuli,
1097 584 1267 623 voculae
1290 583 1608 636 monosyllabae,
1632 584 1778 635 quibus
1793 598 1936 624 versus

48 649 51 651 ’
121 655 407 705 terminantur,
451 662 537 694 arto
577 654 740 710 vinculo
787 655 1013 707 syntactico
1057 667 1146 694 cum
1184 653 1390 693 vocabulis
1428 655 1677 706 praegressis
1724 654 1938 706 copulatae

131 731 243 773 sunt,
281 737 421 764 verum
458 724 603 764 similis
646 725 748 764 ratio
791 724 912 763 etiam
954 724 997 762 in
1033 723 1231 775 exemplis
1275 724 1417 762 ceteris
1452 723 1689 775 plerumque
1726 723 1936 764 observari

135 799 277 851 potest.
316 794 375 831 sic
393 793 586 832 finiuntur
607 793 778 831 formula
807 791 881 833 καὶ
900 792 952 832 τύ
983 805 1140 830 versus:
1170 792 1193 829 I
1214 793 1252 839 2,
1286 792 1368 830 XV
1394 793 1467 840 66,
1498 792 1539 830 ἱιι
1562 805 1618 831 cc.
1643 792 1735 833 dub.
1757 793 1844 832 XX
1864 794 1934 832 40.

132 861 194 908 bis
226 861 472 917 praepositio
503 859 546 911 ἐξ
583 861 838 900 substantivo
881 874 952 899 suo
989 861 1216 913 postposita
1258 861 1299 898 in
1331 859 1558 899 hexametri
1594 861 1674 900 fine
1710 863 1933 913 reperitur:

132 915 264 972 XXII
294 931 349 969 30
380 929 639 985 ἀμφοτέρων
669 928 727 981 ἔξ,
756 929 883 968 XXV
912 931 965 969 38
986 933 1134 970 κακῶν
1163 926 1225 977 ἔξ;
1256 929 1381 968 semel
1409 929 1555 968 vocula
1586 928 1662 978 ὡςε
1694 930 1820 969 XXV
1851 933 1932 971 201

128 998 323 1053 ποταμὸς
353 998 422 1048 ὥς.
456 998 603 1038 deinde
633 1000 895 1038 inveniuntur
924 998 1161 1051 pronomina
1190 998 1417 1050 possessiva
1446 998 1488 1037 in
1515 997 1611 1038 sede
1631 1012 1773 1038 versus
1793 999 1936 1047 ultima

132 1068 395 1108 antecedente
424 1068 687 1117 substantivo,
730 1081 901 1120 quocum
932 1068 1118 1119 copulata
1147 1073 1258 1106 sunt:
1305 1068 1432 1106 XXV
1467 1070 1547 1107 138
1579 1068 1729 1109 σθένεϊ
1758 1067 1808 1123 ᾧ,
1852 1071 1933 1109 223

30 1178 35 1193 ,
127 1137 324 1195 σήραγγα
359 1136 810 1196 προδείελο-ς-ἔστιχεν
845 1136 906 1186 εἰς
940 1136 1010 1190 ἥν,
1048 1136 1090 1175 in
1128 1150 1185 1175 cc.
1219 1135 1313 1175 dub.
1346 1150 1384 1175 V.
1416 1136 1566 1177 XXIII
1597 1139 1650 1178 39
1689 1136 1737 1179 ἐκ
1768 1137 1936 1193 ῥεθέων

128 1212 233 1247 σῶν.
272 1208 412 1246 similis
450 1213 511 1245 est
551 1220 647 1245 usus
684 1205 873 1245 vocabuli
901 1212 1016 1260 τρεῖς
1044 1207 1086 1244 in
1116 1220 1155 1244 v.
1187 1206 1315 1244 XVII
1346 1209 1401 1245 84
1436 1206 1636 1256 ἐννεάὸες
1670 1214 1797 1262 τρεῖς.
1848 1222 1944 1249 ver-.

132 1275 271 1315 borum
309 1276 461 1314 formae
489 1262 560 1313 'his
596 1275 696 1315 locis
731 1275 935 1326 leguntur:
979 1275 1058 1314 XV
1089 1276 1142 1314 29
1174 1274 1334 1323 ὕδατος
1370 1276 1585 1330 πρότερον
1615 1275 1695 1327 δεῖ,
1728 1270 1849 1316 ‘XIII
1881 1279 1933 1317 67

125 1344 182 1384 τὰ
212 1344 250 1384 δ’
290 1343 481 1401 Ἰήσρνος
510 1344 669 1398 ὕστερα
709 1345 831 1384 πάντ’
874 1341 938 1397 ἧς,
981 1343 1112 1381 ΧΧΠ
1145 1345 1224 1382 171
1257 1343 1404 1397 αἵματι
1446 1343 1494 1384 δὲ
1522 1345 1617 1399 χρή,
1663 1346 1704 1383 in
1742 1359 1797 1384 cc.
1838 1346 1931 1386 dub.

130 1413 281 1452 XXIII
312 1415 365 1452 32
398 1414 486 1453 ἀλλ’
519 1412 667 1466 ὀλίγον
698 1414 756 1467 ζῇ.
789 1412 868 1451 duo
896 1425 1035 1450 versus
1066 1417 1216 1451 exeunt
1246 1412 1288 1450 in
1317 1413 1501 1451 voculam
1532 1420 1634 1454 νῦνε
1666 1415 1732 1453 ΧΙ
1754 1416 1806 1454 28
1830 1415 1935 1457 οὐδέ

123 1483 172 1523 τί
204 1494 265 1536 πᾳ
300 1488 385 1522 νῦν
415 1488 455 1520 ct
489 1482 619 1520 XXII
665 1483 744 1528 169
788 1480 876 1527 ἀλλ’
907 1480 969 1521 ἔτι
998 1481 1070 1521 καὶ
1106 1487 1204 1532 νῦν,
1244 1495 1348 1520 unus
1390 1482 1526 1520 finitur
1567 1484 1766 1534 particula
1807 1486 1931 1538 πρίνε

128 1551 256 1592 XXII
277 1552 330 1590 89
364 1550 520 1604 ὀρίνθη
551 1549 599 1590 δὲ
628 1550 760 1593 πλέον
789 1549 815 1602 ἢ
845 1549 963 1602 πρίν,
994 1562 1097 1587 unus
1126 1550 1326 1601 particula
1356 1549 1427 1591 οὐε
1460 1550 1607 1589 XXVI
1635 1553 1689 1590 32
1720 1552 1934 1606 εὐσεβέων

125 1619 329 1670 παίδεσσι
362 1618 416 1659 τὰ
450 1618 572 1669 λώια,
607 1617 855 1671 ὃυσσεβέων
892 1617 929 1657 δ’
950 1619 1016 1658 οὔ.
1073 1617 1137 1656 his
1175 1617 1351 1669 denique
1389 1618 1489 1662 locis
1528 1619 1568 1657 in
1600 1619 1824 1662 hexametri
1854 1622 1934 1660 fine

131 1688 381 1731 substantiva
409 1686 688 1739 monosyllaba
718 1687 903 1738 legimus:
947 1690 988 1735 a)
1019 1687 1124 1724 VIII
1155 1689 1208 1726 59
1241 1684 1275 1726 ὦ
1306 1688 1441 1742 πάτερ
1471 1685 1506 1728 ὦ
1539 1690 1639 1739 Ζεῦ,
1670 1692 1740 1738 [77
1772 1689 1856 1731 ἁδὺ
1887 1691 1934 1732 δὲ

125 1757 183 1810 χά
211 1753 329 1813 βῶς],
364 1757 428 1796 IX
461 1759 485 1796 7
516 1756 602 1798 ἁδὺ
631 1756 680 1797 δὲ
708 1756 761 1809 χᾶ
791 1758 911 1810 βοῦς,
952 1757 1018 1795 ΧΙ
1049 1758 1100 1796 51
1135 1755 1357 1810 ἀκάματον
1392 1763 1496 1811 πῦρ,
1534 1760 1588 1797 74
1625 1760 1737 1800 πολὺ
1772 1763 1936 1814 μᾶλλον

125 1826 242 1880 ἔχοις
271 1832 380 1875 νῶν;
426 1825 464 1880 b)
495 1827 539 1864 Π
571 1828 625 1866 60
656 1824 707 1875 ἇς
737 1825 799 1867 ἔτι
831 1826 903 1868 καὶ
933 1823 1025 1876 νύξ,
1068 1825 1173 1865 XIV
1205 1828 1257 1865 21
1290 1827 1370 1866 τίν’
1403 1825 1515 1879 ἔχειν
1543 1841 1596 1881 με
1616 1828 1774 1879 ’δοκεῖς
1803 1836 1932 1879 νοῦν;

125 1896 211 1935 XV
232 1898 286 1935 36
314 1895 507 1950 ἀργυρίω
539 1898 721 1949 καθαρῶ
751 1899 883 1948 μνᾶνς
916 1898 952 1945 c)
973 1895 1085 1933 XIII
1106 1897 1160 1934 22
1186 1895 1265 1948 οὐχ
1293 1895 1435 1949 ἥψατο
1466 1897 1783 1951 συνδρομάδων
1812 1906 1935 1949 ναῦς,

127 1967 182 2005 57
204 1962 392 2019 δεξιτερὴ
419 1965 524 2019 χείρ,
554 1964 701 2003 XXIV
725 1966 776 2004 18
808 1964 944 2006 κακὸν
973 1970 1077 2019 πῦρ,
1106 1964 1254 2004 XXVI
1285 1967 1312 2003 4
1334 1964 1580 2019 ἀσφόδελον
1598 1966 1677 2007 τὸν
1695 1966 1806 2021 ὑπὲρ
1837 1973 1931 2021 γᾶς;

122 2036 167 2084 d)
196 2034 303 2082 XXI
334 2035 386 2074 23
419 2034 489 2074 ὅτε
524 2034 690 2087 τᾶματα
719 2033 863 2087 μακρὰ
893 2033 1016 2087 φέρει
1048 2034 1171 2084 Ζεύς,
1213 2035 1266 2073 33
1299 2033 1323 2074 ὁ
1354 2033 1612 2084 διδάσκαλός
1647 2034 1735 2076 ἐστι
1764 2039 1864 2091 παρ’
1898 2038 1934 2091 ᾧ

120 2109 244 2154 νοῦς,
273 2103 424 2141 ΧΧΠΙ
459 2104 509 2141 13
541 2108 675 2155 φεῦγε
705 2102 743 2142 δ’
761 2101 847 2143 ἀπὸ
876 2103 1001 2156 χρώς.

240 2172 528 2224 Frequentiam
558 2184 757 2219 versuum,
798 2172 866 2224 qui
907 2171 1074 2211 vocibus
1106 2171 1348 2225 clauduntur
1383 2173 1689 2226 monosyllabis,
1734 2175 1776 2213 in
1808 2177 1932 2215 variis

127 2242 347 2280 carminum
378 2242 595 2293 generibus
625 2242 658 2283 si
690 2248 927 2293 spectamus,
972 2236 1082 2280 haud
1120 2241 1289 2299 multum
1326 2243 1427 2281 haec
1462 2241 1567 2282 inter
1598 2257 1641 2282 se
1672 2245 1833 2283 differre
1863 2246 1933 2286 ad-

129 2315 254 2363 paret.
295 2310 400 2362 quod
432 2311 466 2356 si
498 2309 657 2361 singula
688 2310 866 2348 carmina
897 2310 1133 2362 respicimus
1164 2311 1206 2349 in
1238 2311 1403 2364 edylliis
1435 2311 1566 2357 bucol.
1599 2313 1805 2352 clausulae
1835 2314 1932 2354 illae

124 2380 167 2418 in
189 2380 329 2431 primis
351 2380 579 2430 frequentes
612 2385 705 2418 sunt
735 2380 786 2417 in*
800 2393 858 2418 cc.
881 2380 996 2420 VIII.
1021 2386 1061 2418 et
1079 2381 1171 2428 XL,
1205 2395 1371 2431 quorum
1402 2382 1445 2419 in
1466 2382 1538 2419 illo
1561 2382 1631 2429 VI,
1666 2383 1708 2420 in
1729 2383 1807 2420 hoc
1827 2384 1931 2421 VIII

127 2449 397 2500 reperiuntur,
428 2461 478 2486 ex
510 2448 679 2485 mimicis
701 2461 734 2485 c.
756 2447 867 2500 XV„
899 2448 941 2486 in
963 2461 1042 2499 quo
1074 2449 1159 2487 solo
1182 2449 1265 2487 VII
1294 2463 1431 2488 versus
1461 2450 1615 2488 voculis
1637 2452 1929 2503 monosyllabis

0 2523 7 2539 ²
44 2568 47 2570 Ι
122 2513 331 2564 finiuntur,
363 2516 442 2555 hac
471 2516 512 2554 in
544 2529 589 2554 re
620 2521 753 2554 cetera
783 2517 961 2555 carmina.
991 2522 1154 2569 superat
1164 2517 1205 2564 1).

239 2586 523 2632 Hexametros,
557 2598 724 2637 quorum
756 2585 798 2623 in
830 2585 941 2623 exitu
971 2575 1124 2624 ²voces
1162 2592 1395 2637 quattuor
1431 2587 1653 2638 syllabas
1685 2584 1931 2645 'complec-

0 2645 50 2693 ²·“J
119 2659 286 2695 tentes
328 2654 529 2706 leguntur,
578 2653 924 2706 frequentissimos
974 2666 1063 2693 esse
1112 2654 1155 2693 in
1199 2654 1441 2695 carminibus
1486 2656 1626 2708 epicis,
1672 2659 1845 2699 rariores
1888 2652 1932 2700 in

48 2754 64 2780 3
124 2723 308 2772 mimicis,
358 2723 583 2762 rarissimos
626 2723 667 2761 in
712 2722 905 2762 bucolicis
947 2735 998 2761 ex
1040 2724 1175 2762 indice
1222 2738 1344 2776 supra
1385 2727 1595 2778 proposito
1639 2729 1930 2779 cognoscimus.

123 2791 287 2835 videtur
316 2792 477 2847 quidem
509 2807 558 2832 ea
587 2806 651 2832 res
682 2806 770 2831 cum
808 2791 976 2848 spondei
1007 2794 1049 2832 in
1080 2793 1186 2846 pede
1217 2795 1357 2846 quinto
1388 2809 1476 2844 usu,
1521 2798 1590 2848 qui
1623 2811 1743 2849 quam
1775 2799 1858 2838 late
1888 2801 1931 2839 in

118 2862 250 2914 'variis
281 2863 500 2903 carminum
532 2862 746 2915 generibus
779 2867 927 2915 pateat,
960 2876 1082 2915 supra
1114 2866 1390 2917 exposuimus,
1423 2879 1579 2905 conexa
1609 2880 1711 2907 esse.

226 2953 357 2998 nef,
373 2941 467 2997 quae
490 2954 638 2997 exposui
662 2964 695 2996 p.
723 2954 754 2986 8.
