2051 3336
1875 63 1928 105 65

21 229 47 253 ,ἰ
64 175 164 251 sss‘ssa
193 190 442 233 Callimacho
472 200 624 247 poetas,
659 197 726 249 qui
756 209 875 237 versu
906 194 1067 236 heroico
1098 194 1321 244 utebantur,
1354 207 1608 234 numerorum
1632 192 1927 232 volubilitatem

129 271 278 314 magna
320 260 410 302 cum
454 263 661 317 diligentia
698 265 922 305 adfectasse
933 262 985 321 ¹);
1030 268 1151 318 atque
1193 278 1283 304 cum
1312 264 1389 303 hac
1419 277 1463 302 re
1496 265 1617 302 etiam
1661 262 1927 314 correptionis

4 325 67 386 2³1-‘jj
104 330 292 386 ,Atticae
320 333 586 385 frequentiam
618 342 775 376 auctam
806 342 892 375 arte
922 335 1138 374 cohaerere
1167 336 1238 374 vix
1269 335 1421 388 poterit
1452 334 1606 386 negari.

270 400 351 441 Sed
382 402 474 453 iam,
519 418 597 458 quo
628 404 745 445 modo
776 400 1016 445 Theocritus
1048 404 1256 444 vocalibus
1287 404 1478 444 brevibus
1511 408 1606 442 ante
1642 407 1793 440 mutam
1831 413 1864 438 c.
1897 400 1924 439 l.

131 470 273 523 positis
315 484 408 511 usus
451 474 512 523 sit,
558 474 782 515 videamus.
829 475 1003 527 primum
1047 479 1181 513 autem
1225 475 1375 513 mentio
1406 472 1594 512 facienda
1623 471 1785 510 videtur
1821 470 1925 521 legis

130 539 242 579 illius
275 542 533 592 certissimae,
576 544 881 597 productionem
924 543 1075 582 vocalis
1106 543 1240 582 brevis
1272 550 1364 582 ante
1395 548 1547 581 mutam
1591 555 1623 580 c.
1656 541 1684 579 1.
1717 539 1925 578 fortiorem

132 621 218 649 esse
249 610 293 650 in
320 624 420 650 voce
441 612 575 652 media
605 613 725 666 Iluam
746 614 791 652 in
813 614 984 652 confinio
1005 603 1293 651 vocabulorum
1304 609 1353 667 2).
1386 612 1504 650 huius
1536 612 1643 650 enim
1672 610 1775 662 legis
1807 608 1922 647 nobis

128 692 287 732 quoque
329 681 370 720 in
414 681 690 721 distribuenda
735 688 776 722 et
805 682 1016 721 tractanda
1056 683 1226 721 materia
1256 682 1466 735 proposita
1495 680 1684 719 habenda
1715 685 1774 718 est
1803 679 1920 717 ratio.

0 734 30 786 ἶ
78 755 83 804 ¹.
126 750 290 802 priore
320 750 476 803 igitur
505 752 647 792 huius
679 753 859 806 capitis
888 757 1029 806 parte
1063 748 1137 808 (I),
1173 765 1298 806 quae
1340 752 1404 791 sit
1446 751 1570 804 apud
1608 750 1920 789 Theocritum

125 819 198 857 vis
228 816 386 858 mutae
431 836 464 860 c.
507 822 549 870 l.,
596 836 620 860 a
663 822 839 875 quibus
884 822 1126 861 vocabula
1169 823 1375 878 initium*
1407 823 1626 874 capiunt,
1671 820 1921 872 explicare

0 861 41 932 L
97 888 348 943 conabor,
392 889 565 930 deinde
598 890 677 947 (II)
710 906 845 944 agam
883 892 938 931 de
969 897 1098 931 muta
1142 906 1174 934 c.
1218 892 1260 940 l.,
1307 905 1431 944 quae
1462 890 1617 930 sedem
1663 894 1832 928 tenent
1873 887 1920 925 in

125 958 376 999 vocabulis
406 960 609 1000 mediis.-

1006 1042 1041 1084 Ι.

240 1131 400 1181 Quanto
431 1147 553 1186 opere
583 1134 834 1173 imminutum
865 1136 916 1174 sit
946 1135 1053 1187 apud
1075 1135 1338 1173 Theocritum
1370 1133 1539 1186 pondus,
1574 1133 1682 1186 quod
1713 1133 1919 1185 proprium

128 1206 188 1240 est
206 1206 339 1241 mutae
362 1216 395 1243 c.
417 1202 446 1242 l.
469 1203 510 1242 in
531 1203 699 1243 Homeri
730 1204 980 1254 carminibus,
1003 1204 1083 1243 iam
1114 1217 1165 1243 ex
1195 1217 1270 1243 usu
1287 1204 1403 1243 huius
1424 1216 1687 1243 consonarum
1707 1203 1919 1241 iuncturae

122 1270 164 1309 in
193 1284 337 1310 vocum
367 1273 483 1312 initio
515 1273 702 1325 cognosci
741 1279 892 1326 potest;
937 1288 984 1313 ac
1027 1275 1244 1326 praecipue
1294 1287 1345 1312 ex
1389 1287 1464 1312 usu
1495 1272 1678 1311 brevium
1718 1271 1917 1310 vocalium

0 1353 10 1369 2
52 1342 57 1344 ’
120 1339 312 1388 finalium,
360 1354 465 1393 quae
506 1342 748 1394 insequente
795 1349 904 1381 muta
935 1356 967 1381 c.
1000 1343 1026 1380 l.
1059 1344 1100 1381 in
1130 1343 1233 1381 thesi
1264 1348 1359 1381 sunt
1389 1342 1559 1391 positae,
1592 1341 1693 1379 illud
1727 1341 1912 1378 elucebit.

122 1408 290 1448 multum
315 1412 438 1450 *enim
479 1411 656 1461 interest,
699 1417 833 1451 utrum
876 1411 1091 1451 accedente
1132 1425 1271 1451 versus
1313 1411 1395 1450 ictu
1436 1410 1600 1449 vocales
1633 1416 1726 1449 ante
1763 1415 1915 1447 mutam

124 1491 156 1517 c.
188 1478 215 1516 l.
249 1480 532 1530 producantur,
575 1495 626 1520 an
671 1482 714 1521 in
759 1482 855 1521 sede
885 1483 967 1520 ictu
999 1482 1208 1531 destituta;
1250 1481 1400 1520 multae
1433 1486 1540 1520 certe
1571 1479 1768 1532 syllabae,
1809 1493 1915 1531 quae

123 1547 166 1586 in
209 1548 288 1587 arsi
331 1549 619 1602 producuntur,
666 1551 937 1603 corripiuntur
977 1551 1019 1590 in
1049 1550 1166 1589 thesi.
1200 1550 1448 1603 aspriora
1477 1549 1583 1588 loco
1616 1544 1688 1603 (A)
1727 1547 1783 1586 de
1814 1562 1915 1600 pro-

122 1616 441 1657 ductionibus
471 1619 518 1657 in
550 1620 646 1658 arsi
668 1632 912 1671 exponere
942 1620 1059 1658 mihi
1090 1620 1139 1658 in
1171 1620 1324 1658 animo
1357 1625 1448 1667 est;
1479 1623 1621 1670 parte
1653 1617 1807 1656 altera
1830 1615 1913 1670 (B),

122 1698 260 1737 quam
289 1688 529 1727 rationem
560 1687 853 1727 Theocritus
895 1688 942 1727 in
984 1687 1309 1741 producendis
1351 1685 1790 1740 corripiendisque
1820 1686 1914 1738 syl-

119 1754 541 1799 labisfinalibus
583 1759 630 1796 in
675 1758 801 1797 thesi
853 1764 963 1796 ante
1012 1765 1190 1796 mutam
1240 1772 1272 1796 c.
1324 1759 1352 1796 l.
1395 1758 1571 1809 positis
1604 1763 1802 1795 secutus
1832 1756 1912 1802 Sit,

120 1824 402 1877 explicabo.

988 1909 1039 1947 A.

237 1998 490 2049 Theocritus,
523 2014 764 2053 quamquam
807 2001 986 2040 similiter
1017 2007 1138 2053 atque
1170 2001 1292 2040 ceteri
1321 2006 1466 2053 poetae
1509 2001 1549 2039 in
1580 1998 1912 2052 producendis

123 2069 331 2122 syllabis
369 2075 482 2108 ante
512 2077 688 2108 mutam
719 2084 751 2108 c.
796 2070 822 2109 l.
859 2071 913 2109 in
946 2071 1039 2109 arsi
1070 2071 1246 2122 positis
1277 2071 1401 2109 multo
1444 2070 1608 2108 liberius
1638 2075 1821 2108 versatus
1853 2075 1913 2106 est

121 2152 241 2190 quam
273 2139 314 2177 in
360 2138 628 2190 producendis
659 2139 786 2178 isdem
816 2139 982 2191 syllabis
1012 2140 1054 2178 in
1085 2140 1189 2178 thesi
1220 2140 1451 2187 conlocatis,
1483 2145 1617 2177 tamen
1649 2139 1721 2177 illa
1752 2151 1913 2190 quoque

119 2208 162 2245 in
193 2221 235 2246 re
267 2213 393 2246 certas
425 2207 618 2259 quasdam
647 2213 803 2247 secutus
833 2213 894 2247 est
923 2208 1033 2260 leges
1043 2205 1089 2262 ³).

233 2344 269 2386 1)’
286 2343 339 2376 cf.
366 2354 400 2386 p.
428 2345 483 2377 18.

234 2399 261 2445 ²)
288 2401 340 2434 Cf.
364 2402 564 2435 Hartelium
589 2402 612 2435 l.
638 2412 667 2434 c.
692 2402 710 2434 I
734 2403 779 2435 80
804 2412 855 2445 sq.

235 2458 262 2503 ³)
287 2458 366 2491 Hae
390 2462 430 2492 nt
455 2460 655 2492 accuratius
686 2460 822 2502 possint
850 2460 1014 2502 perspici,
1046 2460 1143 2493 locos
1167 2460 1237 2492 huc
1262 2460 1489 2502 pertinentes,
1520 2469 1608 2501 quos
1633 2460 1813 2493 Theocriti
1839 2471 1912 2493 car-

118 2518 215 2551 mina
238 2520 477 2561 perscrutatus
500 2517 632 2558 inveni,
657 2527 777 2550 omnes
802 2527 994 2561 proponam
1010 2528 1156 2551 necesse
1173 2522 1236 2552 est.
1261 2528 1332 2561 qua
1352 2518 1389 2550 in
1413 2528 1451 2550 re
1476 2528 1553 2550 eam
1578 2528 1707 2561 sequar
1729 2519 1914 2559 rationem,

119 2579 159 2609 ut
190 2575 350 2618 exempla
384 2575 636 2618 productioniS,
676 2575 720 2608 de
757 2586 828 2618 qua
858 2577 983 2618 agitur,
1019 2587 1082 2618 per
1124 2576 1281 2618 singulas
1314 2586 1436 2608 versus
1467 2576 1568 2609 sedes
1602 2576 1760 2619 digeram
1806 2579 1913 2610 variis

118 2625 312 2667 carminum
349 2633 536 2677 generibus
560 2634 739 2677 respectis
776 2638 883 2677 atque
906 2635 1132 2667 inveniuntur
1156 2635 1223 2667 hae
1248 2634 1514 2678 productiones:
1552 2631 1583 2667 1.
1621 2635 1657 2667 in
1689 2636 1760 2668 arsi
1783 2636 1911 2677 prima:

117 2694 155 2735 a)
179 2692 198 2724 1
220 2693 265 2725 41
291 2689 311 2724 ὃ
335 2690 503 2735 πρέσβυς,
538 2692 570 2724 V
597 2693 636 2724 11
664 2687 707 2725 τὸ
729 2691 917 2736 ,Κροκύλος
945 2704 1008 2736 μοι,
1036 2690 1161 2736 ἔδωκε,
1198 2695 1241 2726 ’71
1267 2688 1309 2725 τὸ
1344 2690 1463 2736 πλέον,
1498 2693 1586 2726 VIII
1610 2695 1653 2726 52
1686 2693 1865 2736 (pentam.)
1892 2691 1911 2726 ὁ

33 2786 35 2789 ,
57 2782 59 2784 ,
115 2748 304 2794 Hecate-‘dm
331 2749 362 2792 b)
389 2750 454 2781 XV
480 2751 524 2782 86
549 2746 570 2782 ὁ
596 2748 820 2794 τριφίλητος;
846 2752 876 2792 c)
902 2750 1008 2783 XVII
1034 2752 1074 2784 11
1102 2750 1138 2784 τί
1160 2753 1318 2794 πρῶτον,
1341 2751 1443 2783 XXV
1468 2752 1513 2784 24
1537 2748 1579 2784 τὸ
1605 2750 1734 2794 τρίτον.
1755 2770 1796 2775 -
1818 2753 1848 2782 2.
1875 2752 1911 2782 in

52 2803 55 2805 v
115 2809 187 2842 arsi
205 2808 335 2843 alteraz'
352 2810 391 2841 a)
415 2809 433 2841 1
458 2809 502 2842 39
526 2809 603 2846 τοῖς
626 2806 667 2841 δὲ
690 2807 781 2852 μέτα
803 2808 961 2853 γριπεύς,
981 2811 1024 2843 83
1049 2806 1120 2842 ἀνὰ
1144 2807 1290 2853 κράνας,
1316 2810 1382 2842 117
1409 2806 1480 2842 ἀνὰ
1504 2807 1662 2852 ὃρυμώς,
1690 2810 1741 2842 lv
1766 2811 1786 2842 3
1812 2803 1834 2851 ἦ
1859 2810 1911 2852 uqi

116 2855 165 2909 ipe
188 2864 359 2913 κρύβδαν,
377 2868 418 2898 31
438 2863 483 2898 τὰ
507 2866 684 2909 Γλαύκας,
698 2868 785 2910 V75>3
813 2870 933 2901 στασῶ
951 2865 992 2900 δὲ
1010 2871 1183 2911 κρητῆρα,
1198 2870 1240 2900 69
1259 2864 1299 2900 ἐν
1314 2866 1432 2912 χάριτι
1456 2866 1589 2911 κρίνῃς,
1605 2869 1649 2900 90
1669 2864 1688 2899 ὁ
1714 2866 1911 2910 Κρατίδας,

120 2923 165 2956 95
188 2919 262 2956 ἀπὸ
286 2922 441 2966 πρίνοιο,
468 2925 534 2956 150
559 2921 598 2955 αἶ
622 2923 671 2969 μή
695 2936 739 2957 τυ
764 2924 973 2968 φλάσσαιμι,
998 2927 1046 2957 VI
1079 2928 1121 2958 18
1146 2923 1219 2958 ἀπὸ
1256 2927 1432 2968 γραμμᾶς,
1476 2926 1544 2957 vn
1584 2928 1622 2957 11
1664 2922 1705 2957 τὸ
1743 2925 1912 2967 Becco-istoc,
1956 2959 1962 2964 ,

697 2986 699 2988 ’
1750 2985 1772 3017 5

142 3004 233 3027 Runa
242 3005 252 3026 t
261 3019 268 3033 ,
285 3004 323 3026 Dc
338 3003 472 3028 Theocriti
486 3005 566 3030 vers'u
581 3008 696 3030 heroico.
