2051 3336
1878 76 1931 114 63

132 208 178 241 ‘ut
209 202 322 240 nulla
352 203 435 240 fere
466 203 507 240 in
539 204 596 242 eis
616 204 755 242 incisio
777 203 982 250 sentiatur,
1018 201 1187 240 dubitari
1212 203 1363 254 nequit.
1398 202 1516 240 aliter
1536 214 1634 239 sane
1655 214 1717 239 res
1744 214 1785 239 sc
1808 201 1931 239 habet

6 255 53 276 Ὺ
106 286 109 287 ’
132 271 173 313 in
195 284 228 309 c.
245 270 407 310 XVIII.
423 284 463 309 v.
481 272 546 320 15,
569 271 637 310 ubi
659 271 847 311 trochaeo
863 276 1004 323 quarto
1019 271 1228 309 vocativus
1249 272 1402 319 finitur3
1426 277 1547 322 atque
1569 270 1643 308 hac
1665 283 1708 308 re
1729 276 1931 321 permotus

133 353 220 380 esse
250 339 410 379 videtur
454 340 654 390 Meineke,
699 347 743 380 ut
781 340 1035 380 scribendum
1073 353 1159 379 esse
1202 341 1401 380 coniceret
1432 339 1622 390 Μενέλα,
1664 339 1738 380 τεὰ
1769 339 1796 379 ἁ
1826 339 1931 388 νυὸς

131 409 223 461 ἅδε,
255 423 374 461 quam
405 411 673 450 coniecturam
694 411 856 449 Ahrens
878 410 1042 462 recepit.
1076 410 1145 449 sed
1168 411 1354 449 Meineke
1385 412 1472 462 ipse
1504 412 1544 448 in
1568 411 1686 448 tertia
1708 411 1927 448 carminum

132 472 461 519 Theocriteorum
483 480 656 520 editione
677 480 857 519 codicum
874 480 1110 532 scripturam
1131 480 1308 528 retinuit,
1332 480 1382 519 ad
1404 494 1522 532 quam
1547 480 1667 520 etiam
1690 480 1930 518 recentiores

129 549 334 588 redierunt
365 550 549 590 editores.
581 564 628 589 ac
658 551 850 602 profecto,
885 563 974 588 cum
1008 550 1130 587 etiam
1162 562 1212 587 ex
1239 551 1400 588 nomine
1434 552 1596 602 proprio
1632 549 1817 588 hocloco
1840 550 1924 601 peti

135 618 261 670 possit
292 619 443 672 aliquid
476 620 759 668 excusationis,
793 619 1020 659 coniectura
1051 618 1122 657 illa
1153 632 1452 671 supervacanea
1484 632 1570 658 esse
1601 619 1772 658 videtur.

249 688 449 737 Quoniam
479 703 529 728 ex
551 690 620 737 eis,
655 703 760 741 quae
782 690 962 742 exposui,
995 688 1164 741 adparet
1184 689 1443 728 Theocritum
1467 691 1507 727 in
1531 690 1762 728 universum
1783 702 1930 740 magna

133 771 223 796 cum
256 759 465 810 diligentia
487 760 721 798 incisionem
744 758 860 811 pedis
882 759 1014 811 quarti
1035 757 1278 797 trochaicam
1300 760 1462 806 vitasse,
1496 759 1605 797 nullo
1627 765 1744 810 pacto
1766 758 1928 810 probari

133 839 251 879 poss-e
271 828 545 877 coniecturas,
584 828 730 880 quibus
763 841 939 870 caesura,
958 828 1028 865 illa
1060 828 1100 865 in
1135 842 1272 866 versus
1303 828 1564 871 Theocriteos
1595 828 1800 875 inferatur,
1839 841 1928 865 con-

133 901 367 934 sentaneum
412 903 483 936 est.
535 898 574 935 id
614 911 711 936 vero
750 897 858 936 cadit
888 898 929 935 in
961 896 1268 935 Wordsworthii
1301 898 1581 948 coniecturam,
1621 898 1689 948 qui
1721 911 1759 934 v.
1792 899 1829 933 X
1860 897 1929 943 38,

136 970 181 1003 ut
218 965 379 1005 tolleret
420 966 637 1016 spondeum
680 973 773 1006 ante
819 980 1021 1006 caesuram
1064 966 1299 1014 bucolicam,
1352 965 1604 1005 scribendum
1649 980 1735 1004 esse
1778 967 1931 1004 censuit

134 1032 311 1088 ἐλελήθη
345 1034 368 1075 ὁ
398 1034 761 1091 βοῦκος’(βῶκος)
796 1036 958 1085 ἀοιδάς.
991 1036 1098 1075 idem
1126 1036 1236 1074 valet
1268 1036 1316 1074 de
1339 1035 1535 1075 Gerhardi
1568 1037 1765 1074 sententia
1778 1032 1821 1089 ¹),
1854 1048 1932 1088 qua

138 1105 274 1152 suasit,
307 1105 412 1143 utin
436 1120 474 1146 v.
496 1106 628 1144 XXII
652 1108 705 1145 88
737 1120 809 1158 pro
841 1105 1032 1144 librorum
1065 1106 1260 1157 scriptura
1290 1111 1368 1145 τοῦ
1399 1105 1435 1145 δ’
1459 1106 1594 1158 ἄκρον
1624 1105 1731 1153 τύψε
1761 1104 1931 1157 γένειον

133 1173 408 1211 restitueretur
436 1180 514 1214 τοῦ
545 1174 582 1214 δ’
605 1176 741 1228 ἄκρον
771 1174 900 1224 ἔτυψε
929 1174 1112 1227 γένειον,
1144 1180 1183 1212 et
1214 1174 1263 1212 de
1287 1174 1514 1212 coniectura
1541 1175 1585 1211 'in
1618 1188 1658 1214 V.
1689 1173 1815 1210 XXV
1851 1174 1931 1210 180

132 1240 181 1278 ab
202 1239 401 1279 Ahrensio
433 1244 651 1294 proposita,
686 1244 754 1294 qui
785 1257 858 1294 pro
889 1243 1063 1281 lectione
1085 1243 1251 1294 vulgata
1282 1241 1365 1295 ἐγὼ
1395 1242 1443 1282 δέ
1464 1252 1510 1282 σε
1532 1243 1745 1297 φράζομαι
1768 1241 1927 1295 ὀρθῶς,

134 1322 223 1347 cum
246 1310 366 1349 libros
388 1312 589 1366 φρίζομαι
610 1312 676 1350 vel
708 1309 913 1366 φρίξομαι
945 1312 1134 1351 exhibere
1166 1319 1205 1350 et
1237 1313 1277 1350 in
1301 1312 1386 1351 cod.
1405 1326 1443 1349 m
1468 1312 1651 1350 voculam
1674 1322 1720 1352 σε
1742 1312 1928 1349 omissam

132 1391 218 1417 esse
240 1379 421 1429 vidisset,
444 1381 484 1418 in
508 1381 600 1419 edit.
623 1381 719 1422 min.
741 1386 945 1432 poetarum
970 1382 1099 1421 bucol.
1143 1380 1284 1420 Graec.
1319 1379 1402 1434 ἐγὼ
1437 1380 1484 1420 δὲ
1518 1381 1745 1434 σοφίζομαι
1784 1379 1930 1433 ὀρθῶς

132 1449 301 1501 scripsit.

250 1576 275 1617 ¹)
302 1576 355 1609 Of.
381 1578 493 1609 Lectt.
518 1577 680 1619 Apollon.
705 1589 737 1620 p.
765 1579 841 1610 151.
