2051 3336
528 179 718 230 praeter
747 151 830 225 eos,
875 174 943 229 qui
975 172 1278 214 commentariis
1313 171 1458 212 huius
1454 175 1618 224 poetae
1654 171 1834 211 carmina
1859 169 1924 209 in-

379 226 512 296 ‘2⁸51OE
540 245 613 296 Μ.
607 245 935 297 Kruegermann
946 240 994 298 ¹),
1033 242 1139 296 quod
1169 242 1308 290 sciam,
1339 241 1518 280 animum
1547 239 1735 279 intendit.
1779 239 1851 279 sed
1880 239 1924 279 in

278 312 392 356 offis
396 308 459 355 de
472 315 585 355 hiatu
604 321 767 355 tantum
782 315 914 366 agitur
935 318 975 353 et
994 312 1180 352 brevium
1209 310 1458 364 syllabarum
1490 309 1672 350 finalium
1702 315 1798 348 ante
1827 323 1923 349 con-

367 384 454 426 'das
482 383 828 439 productionibus,
861 383 991 423 altera
1019 382 1149 423 libelli
1179 387 1294 435 parte
1324 381 1367 420 in
1396 392 1461 420 res
1490 379 1773 432 grammaticas
1794 379 1926 431 inqui-

304 441 409 507 eque
437 468 533 496 vero
565 455 819 507 quaestiones
849 453 946 492 illae
977 453 1036 492 ita
1066 451 1350 505 expediuntur,
1384 456 1428 490 ut
1459 450 1518 489 nil
1546 450 1627 489 iam
1658 449 1926 498 desideretur;

328 511 443 564 'infra
463 523 515 564 ad
534 523 860 576 Kruegermanni
890 522 1217 563 dissertationem
1246 521 1363 561 nobis
1393 519 1647 560 redeundum
1679 521 1770 559 erit.
1804 533 1927 573 quam

239 607 329 642 cum
366 595 425 633 ita
461 607 504 634 se
540 593 691 634 habere
715 593 905 633 ¹viderem
937 606 985 632 ac
1020 592 1310 645 persuasissem
1352 591 1450 630 mihi
1468 595 1471 598 '
1488 591 1665 630 metricis
1701 588 1926 629 rationibus

255 652 511 717 ,explanatis
546 661 600 702 ad
635 663 725 715 ipsa
760 662 887 703 verba
923 668 1069 716 poetae
1106 660 1359 702 emendanda
1395 659 1553 713 aliquid
1590 660 1761 700 conferri
1792 672 1924 712 posse,

249 745 359 786 rsum
390 731 601 784 Theocriti
630 730 834 772 heroicum
865 731 1052 772 subtilius
1083 731 1288 785 inquirere
1318 730 1496 784 animum
1526 728 1685 771 induxi.
1730 735 1853 782 atque
1883 729 1926 769 in

243 801 547 854 quaestionibus
596 802 629 840 si
678 802 839 841 omnino
890 800 1044 854 aliquid
1093 802 1314 854 profecero,
1363 800 1512 839 referas
1554 799 1678 839 velim
1720 798 1772 838 ad
1817 800 1927 839 viros

124 854 371 913 cis-tissimus
393 870 444 912 Gr.
467 870 522 909 ab
544 871 720 909 Hartel
751 877 791 910 et
811 870 856 909 G.
880 871 1110 917 Schenkl,
1143 871 1212 922 qui
1244 884 1333 908 cum
1355 870 1435 907 iam
1458 875 1578 907 antea
1598 870 1751 921 optime
1782 868 1833 908 de
1862 882 1929 907 me

123 939 264 998 meriti
295 945 411 979 erant
444 945 530 978 tum
557 940 603 978 in
633 939 710 978 hoc
740 940 932 992 opusculo
971 938 1222 978 conficiendo
1254 944 1295 978 et
1326 938 1494 977 consilio
1531 943 1572 977 et
1600 951 1645 977 re
1674 951 1739 977 me
1769 950 1930 990 semper

121 1001 412 1061 benignissime
443 1008 698 1048 adiuverunt.
732 1009 878 1061 quibus
909 1022 982 1061 pro
1012 1008 1219 1048 beneficiis
1250 1008 1407 1047 debitas
1437 1019 1503 1046 me
1532 1019 1692 1060 semper
1722 1008 1821 1046 viris
1848 1007 1929 1046 illis

122 1072 368 1128 doctissimis
397 1078 627 1118 habiturum
659 1092 745 1118 esse
775 1078 970 1130 polliceor
999 1078 1162 1131 gratias.

242 1146 485 1200 Priusquam
516 1153 652 1186 autem
690 1147 742 1186 ad
772 1148 902 1200 ipsam
939 1162 1023 1187 rem
1060 1148 1309 1200 propositam
1348 1146 1643 1199 expediendam
1675 1145 1927 1195 accedamus,

185 1212 257 1263 *ca
281 1217 452 1268 'quidem
483 1217 534 1257 de
564 1218 733 1256 materia
764 1216 1043 1256 distribuenda
1071 1218 1319 1269 proferamus
1350 1229 1514 1256 necesse
1545 1221 1616 1255 est.
1656 1216 1791 1255 omnia
1822 1216 1929 1255 enim

196 1284 338 1330 eocriti
368 1285 544 1325 carmina
577 1287 788 1338 quominus
818 1285 891 1339 sub
922 1300 1003 1326 uno
1035 1291 1201 1338 aspectu
1230 1291 1460 1333 tractemus,
1499 1290 1644 1325 natura
1675 1299 1810 1325 eorum
1841 1284 1931 1337 ipsa

125 1352 382 1410 impedimur.
415 1368 462 1394 ac
482 1355 655 1407 primum
670 1354 832 1408 quidem
854 1346 1067 1394 discrimen
1089 1354 1333 1396 servandum
1356 1359 1416 1394 est
1427 1354 1533 1394 inter
1554 1355 1731 1394 carmina
1745 1353 1932 1394 bucolica

124 1421 330 1478 et‘epica.
364 1423 468 1463 inter
498 1422 681 1463 bucolica
711 1429 846 1463 autem
876 1423 1088 1464 referenda
1118 1437 1204 1464 esse
1235 1423 1372 1463 decem
1397 1423 1550 1477 edyllia
1579 1423 1613 1465 Ι.
1646 1429 1687 1463 et
1707 1422 1930 1463 IIL—XI.

124 1484 266 1533 omnes
287 1493 558 1549 consentiunt3
589 1505 723 1545 neque
744 1493 842 1546 quin
864 1494 1043 1532 carmina
1059 1493 1196 1543 XIII.,
1227 1493 1361 1543 XVI„
1383 1493 1539 1542 XVII„
1570 1493 1727 1544 XXII„
1754 1493 1932 1540 XXIV„

216 1562 281 1611 V.‚
312 1553 474 1602 XXVI.
506 1563 664 1614 generis
695 1563 775 1601 sint
811 1563 929 1615 epici,
971 1569 1104 1615 potest
1140 1562 1331 1605 dubitari.
1383 1564 1417 1602 si
1447 1568 1608 1616 praeter
1644 1563 1744 1602 haec
1776 1563 1932 1616 edyllia

126 1632 250 1671 etiam
282 1644 330 1670 ea
360 1632 620 1684 seiungimus,
658 1645 764 1684 quae
799 1646 896 1671 num
935 1633 1115 1685 genuina
1144 1634 1237 1681 sint,
1281 1633 1359 1670 viri
1391 1631 1499 1671 docti
1531 1632 1784 1684 gravioribus
1815 1646 1932 1685 argu-

126 1688 276 1742 mentis
306 1700 451 1739 adlatis
483 1701 680 1749 dubitant‚
725 1701 879 1753 edyllia
910 1700 999 1740 dico
1030 1702 1166 1749 XIX„
1204 1701 1316 1749 XX„
1353 1702 1484 1748 XXI„
1521 1701 1702 1750 XXIII.,
1734 1702 1932 1748 XXVII..

125 1760 282 1827 restant
312 1771 491 1810 carmina
521 1771 718 1823 quinque:
761 1771 832 1820 IL,
870 1771 983 1820 XII.,
1021 1771 1155 1819 XIV„
1192 1771 1302 1820 XV.‚
1342 1771 1520 1819 XVIII„
1569 1771 1619 1810 de
1657 1771 1802 1824 quibus
1835 1772 1934 1824 quid

122 1833 387 1894 statuendum
429 1841 493 1889 sit,
536 1841 616 1879 iam
657 1841 880 1880 videamus.
932 1841 1133 1893 pleraque
1169 1855 1266 1880 vero
1306 1841 1483 1879 carmina
1519 1841 1704 1880 bucolica
1745 1842 1802 1880 ita
1846 1855 1935 1881 esse

126 1910 373 1961 comparata,
412 1916 455 1948 ut
492 1909 596 1949 duae
634 1923 831 1962 personae
870 1908 1157 1963 conloquentes
1194 1924 1229 1949 a·
1253 1916 1376 1962 poeta
1417 1911 1634 1962 fingantur,
1682 1918 1820 1950 notum
1859 1919 1933 1950 est.

126 1981 251 2033 quam
282 1990 367 2031 rem
397 1980 431 2017 si
451 1980 702 2031 respicimuS,
735 1980 1045 2019 similitudinem
1061 1980 1314 2018 manifestam
1345 1980 1595 2019 intercedere
1620 1981 1726 2019 inter
1756 1982 1935 2020 carmina

212 2035 290 2087 eris
321 2046 494 2086 bucolici
516 2053 555 2086 et
576 2047 732 2100 edyllia
750 2047 870 2087 XIV.
903 2054 943 2087 et
961 2048 1072 2096 XV.‚
1106 2061 1210 2101 quae
1241 2054 1348 2088 recte
1379 2048 1567 2088 dicuntur
1588 2051 1759 2099 mimica,
1793 2050 1935 2101 fugere

125 2127 202 2179 22⁰⁸
232 2117 387 2172 nequit.
436 2116 560 2155 nolim
590 2122 726 2155 tamen
749 2117 945 2168 equidem
983 2117 1085 2156 haec
1116 2117 1292 2157 carmina
1323 2118 1569 2158 confundere
1605 2132 1695 2158 cum
1726 2119 1934 2159 bucolicis.

122 2181 299 2238 propius
327 2185 436 2224 haud
468 2185 589 2225 dubie
621 2185 672 2224 ad
703 2199 751 2224 ea
788 2186 945 2226 accedit
976 2201 1135 2227 carmen
1165 2188 1239 2238 IL,
1272 2202 1515 2241 quamquam
1547 2203 1629 2227 una
1658 2189 1936 2229 tantummodo

125 2258 305 2313 persona
334 2255 505 2308 loquens
534 2255 751 2304 inducitur,
785 2270 875 2296 cum
896 2258 1025 2296 altera
1045 2265 1157 2297 muta
1177 2261 1240 2298 sit.
1274 2260 1381 2312 quod
1403 2261 1437 2298 si
1466 2260 1622 2298 duobus
1652 2261 1734 2299 illis
1764 2262 1935 2300 mimicis

241 2371 244 2373 ,
284 2325 400 2372 'mus,
445 2326 524 2363 iam
566 2339 645 2363 non
688 2326 780 2377 plus
827 2327 906 2365 duo
956 2329 1134 2366 carmina
1176 2329 1336 2380 reliqua
1378 2335 1483 2377 sunt,
1530 2330 1629 2367 XII.
1675 2336 1716 2368 et
1755 2330 1934 2378 XVHI„

129 2388 350 2455 astrumque
377 2393 567 2446 lyricum,
599 2408 718 2446 quae,
750 2409 840 2435 cum
870 2396 988 2436 ambo
1010 2411 1092 2436 non
1110 2397 1203 2449 plus
1234 2399 1455 2449 nonaginta
1487 2400 1667 2450 quinque
1696 2413 1836 2438 versus
1867 2414 1934 2438 ex·

125 2458 312 2514 mant,
342 2463 558 2525 separatim
594 2469 769 2503 tractare
799 2465 859 2503 nil
887 2466 975 2505 fere
1003 2466 1153 2506 habere
1190 2467 1352 2506 videtur
1389 2468 1761 2507 commendationis.
1814 2482 1937 2519 quam

248 2534 378 2589 Jusam
408 2532 531 2572 etiam
561 2531 623 2571 his
655 2532 897 2573 carminibus
927 2534 1061 2575 locum
1092 2535 1387 2588 adsignandum
1418 2551 1505 2576 esse
1525 2543 1623 2588 puto
1656 2538 1698 2576 in
1720 2537 1938 2588 generibus

253 2590 353 2649 ηιιιιι
389 2616 511 2653 supra
550 2601 790 2642 constitutis.
841 2610 964 2654 atque
1001 2603 1120 2642 hac'
1108 2621 1152 2643 m
1182 2620 1226 2643 re
1256 2621 1398 2654 sermo,
1439 2622 1517 2658 quo
1556 2606 1713 2659 edyllia
1742 2608 1814 2645 illa
1845 2622 1936 2645 con-

314 2677 422 2730 sjunt,
461 2671 646 2717 ,indicare
682 2672 797 2710 nobis
828 2673 1002 2726 videtur,
1047 2676 1112 2713 cui
1142 2676 1261 2714 classi
1293 2682 1506 2730 utrumque
1538 2690 1676 2716 eorum
1708 2677 1938 2716 adscribere

309 2734 362 2793 'js-
394 2741 554 2781 carmen
585 2754 682 2782 vero
701 2742 816 2792 XII.,
849 2756 939 2783 cum
971 2746 1240 2799 conscriptum
1270 2748 1323 2786 sit
1349 2760 1534 2787 sermone
1555 2748 1706 2797 Ionico,
1738 2748 1938 2799 poematis

406 2879 549 2947 aiffa..
565 2867 808 2936 Theocriteae,
833 2880 1073 2928 Vratislaviae
1100 2894 1201 2930 1875.

390 2947 397 2957 ι
734 2970 736 2972 -
1754 2954 1798 2988 1*
