2051 3336
624 741 908 827 CAPUT
971 741 1405 822 QUARTUM.

436 951 455 968 κ
887 861 957 915 De
978 860 1151 916 hiatu.

147 1043 151 1046 μ
233 979 453 1042 Postquam
474 990 524 1028 ab
544 990 773 1029 hominibus
796 990 923 1029 doctis
946 991 1200 1042 quaestiones
1229 991 1436 1028 institutae
1459 996 1561 1037 sunt,
1595 989 1744 1041 quibus
1766 990 1913 1037 hiatus,

119 1073 235 1113 quem
269 1059 407 1099 dicunt
442 1061 705 1112 grammatici,
750 1074 863 1099 usum
907 1061 949 1099 in
986 1061 1153 1103 Homeri
1197 1059 1439 1099 carminibus
1483 1059 1648 1098 definire
1687 1058 1913 1107 studebant,

88 1130 188 1180 {alii
221 1132 451 1179 extiterunt,
485 1132 552 1182 qui
585 1145 730 1183 operae
761 1125 934 1183 pretium
965 1124 1052 1170 >esse
1083 1136 1273 1184 putarent
1304 1131 1410 1183 apud
1443 1131 1545 1170 alios
1578 1144 1737 1183 quoque
1775 1137 1913 1182 poetas

75 1189 77 1191 Ι
119 1199 311 1250 Graecos,
350 1187 424 1254 'qui
457 1201 498 1240 in
541 1200 783 1241 carminibus
826 1193 1065 1254 pangendis=
1091 1201 1256 1241 Homeri
1300 1201 1473 1253 vestigia
1519 1207 1747 1254 prementes
1795 1214 1942 1244 versu,

82 1258 84 1260 ¹
118 1270 179 1307 usi
218 1276 310 1308 sunt
347 1270 522 1319 heroico,
566 1272 606 1309 in
652 1271 819 1309 eandem
857 1286 941 1310 rem
977 1265 1193 1324 inquirere.
1238 1285 1339 1326 *quas
1378 1271 1670 1323 disputationes
1710 1271 1786 1309 hoc
1823 1271 1912 1309 loco

71 1347 74 1349 ’
118 1353 255 1379 omnes
299 1340 455 1380 adferre
485 1341 544 1379 nil
580 1340 752 1391 adtinet3
799 1340 838 1380 id
873 1346 1005 1380 autem
1044 1341 1433 1381 commemorandum
1470 1340 1568 1379 mihi
1601 1346 1672 1389 est,
1712 1341 1829 1379 etiam
1863 1340 1912 1378 de

36 1428 38 1430 ·
94 1407 244 1461 fhiatus
278 1408 353 1447 usu
394 1410 500 1462 apud
534 1410 793 1453 Theocritum
824 1411 1018 1449 nonnulla
1058 1412 1137 1449 iam
1182 1425 1205 1449 a
1238 1412 1569 1462 Kruegermanno
1621 1412 1661 1448 in
1708 1409 1906 1457 ‘Quaestt.

113 1476 298 1520 Theocr'.
330 1493 371 1531 p.
416 1482 438 1518 2
471 1493 557 1532 sqq.
590 1481 747 1533 prolata
779 1486 877 1520 esse.
910 1479 980 1520 sed
1017 1480 1278 1520 nihilominus
1309 1494 1360 1519 ex
1391 1494 1466 1519 usu
1496 1480 1593 1519 mihi
1626 1492 1712 1519 esse
1746 1478 1910 1518 videtur

114 1547 243 1586 denuo
291 1548 341 1587 de
385 1562 433 1587 ea
475 1562 518 1587 re
538 1544 540 1546 ¹
562 1551 835 1601 quaestionem
867 1551 1088 1588 instituere.
1122 1550 1292 1602 primum
1329 1551 1432 1587 enim
1464 1550 1569 1587 hanc
1599 1563 1682 1586 rem
1714 1563 1794 1587 non
1825 1556 1908 1586 tam

114 1609 320 1666 accurate,
345 1632 463 1669 quam
495 1632 568 1670 par
599 1625 695 1667 erat,
730 1633 754 1657 a
788 1620 1122 1670 Kr'uegermanno
1166 1619 1395 1671 expeditam
1438 1632 1523 1657 esse
1559 1632 1716 1665 censeo,
1759 1619 1908 1670 quippe

114 1688 182 1740 qui
214 1687 297 1727 eius
329 1693 481 1727 tantum
514 1687 630 1728 modo
662 1689 820 1741 generis
840 1687 986 1738 hiatus,
1022 1687 1129 1741 quod
1159 1688 1384 1741 legitimum
1407 1700 1495 1727 esse
1516 1693 1680 1742 negant,
1714 1688 1909 1727 rationem

104 1745 299 1809 *habuerit
329 1752 463 1809 neque
494 1759 639 1807 omnia,
679 1758 721 1796 id
759 1759 866 1810 quod
896 1760 1000 1797 infra
1036 1758 1276 1806 videbimus,
1315 1765 1423 1797 recte
1455 1758 1657 1796 adtulerit.
1698 1764 1908 1809 praeterea

111 1828 144 1866 is
175 1829 215 1867 in
243 1828 386 1867 'libello
418 1842 497 1868 suo·
521 1828 661 1868 eadem
691 1829 1054 1882 viaprogreditur,
1095 1844 1214 1882 quam
1246 1830 1337 1868 iniit
1368 1829 1585 1868 Hoffmann
1633 1829 1674 1867 in
1707 1827 1901 1877 ‘Quaestt

111 1896 269 1946 Hom'.;
292 1905 382 1950 post
402 1900 687 1939 Hoffmannum
710 1906 843 1939 autem
865 1900 997 1939 hiatus
1019 1914 1134 1939 usum
1155 1901 1195 1938 in
1220 1899 1458 1939 carminibus
1481 1900 1707 1938 Homericis
1729 1912 1817 1937 cum
1839 1899 1907 1937 alii

24 1988 27 1991 ·
110 1973 194 2005 tum
221 1968 371 2012 'Hal-tel
409 1970 582 2009 rationes
620 1983 791 2022 prorsus>
812 1970 912 2008 alias
951 1965 1107 2009 secutus
1139 1967 1425 2024 retractay'iffl),
1470 1983 1550 2021 qua
1581 1968 1628 2007 dc
1661 1982 1782 2008 causa
1814 1968 1907 2007 inde

110 2050 269 2089 quoque
301 2038 476 2093 aliquem
507 2041 678 2078 fructum
710 2040 762 2078 ad
794 2041 1081 2091 quaestionem,
1115 2040 1164 2079 de
1196 2054 1277 2092 qua
1308 2041 1449 2091 agitur,
1484 2039 1615 2078 denuo
1646 2036 1901 2078 tractandam

110 2105 420 2146 redundaturum
453 2121 539 2147 esse
571 2095 769 2148 existimo.
1045 2120 1054 2122 ”

228 2168 277 2214 In
308 2179 539 2217 universum
572 2179 733 2230 quidem
774 2181 888 2218 nobis
920 2180 969 2218 de
1000 2180 1183 2217 omnibus
1215 2180 1324 2227 locis,
1369 2180 1437 2218 ubi
1481 2193 1621 2218 vocem
1653 2180 1693 2217 in
1725 2179 1904 2217 vocalem

110 2237 358 2286 desinentem
411 2247 554 2304 altera.
590 2262 631 2303 a*
668 2249 799 2288 vocali
843 2249 1040 2302 incipiens
1084 2249 1274 2302 sequitur,
1308 2250 1383 2288 hac
1424 2250 1656 2302 quaestione
1701 2249 1908 2301 proposita

107 2317 306 2368 agendum
340 2319 425 2357 crit.
460 2312 634 2357 attamen
676 2319 752 2358 hoc
781 2322 868 2372 loco
899 2333 982 2358 rem
1023 2321 1136 2371 tangi
1168 2326 1334 2372 oportet,
1372 2333 1476 2371 quae
1519 2321 1560 2357 in
1591 2320 1758 2357 materia
1788 2319 1906 2356 huius

110 2388 353 2438 quaestionis
382 2386 610 2429 definienda
640 2388 746 2428 haud
777 2390 892 2441 parvi
917 2394 976 2429 est
996 2390 1200 2429 momenti.
1236 2389 1383 2428 etenim
1405 2389 1446 2427 in
1469 2389 1640 2428 Homeri
1662 2386 1905 2426 carminibus

65 2465 68 2468 '
107 2456 311 2507 digamma
342 2458 543 2508 quondam
571 2459 750 2509 viguisse
781 2465 821 2497 et
851 2450 943 2497 cum·
971 2453 1020 2498 in⁴
1045 2445 1134 2498 alii-s
1166 2459 1283 2499 rebus
1315 2465 1398 2498 tum
1433 2458 1483 2497 ad
1504 2458 1658 2497 hiatum
1680 2456 1904 2513 tollendum

103 2527 200 2564 'satis
233 2527 408 2566 valuisse
446 2529 665 2580 unicuique
693 2534 829 2567 notum
852 2517 930 2568 est.
970 2535 1061 2580 post
1090 2528 1256 2567 Homeri
1289 2534 1420 2566 autem
1457 2532 1638 2579 tempora
1676 2540 1766 2564 cum
1804 2524 1905 2563 illud

21 2625 23 2627 -
76 2609 301 2642 *annorum
334 2610 518 2635 successu
556 2611 716 2648 prorsus
756 2598 997 2646 evanuisset,
1038 2612 1085 2636 ea
1120 2598 1330 2647 vocabula,
1376 2610 1479 2648 quae
1518 2597 1614 2634 olim
1647 2611 1669 2634 a
1703 2596 1902 2647 digammo

104 2665 378 2719 incipiebant,
399 2666 464 2704 nil.
488 2667 567 2705 iam
601 2665 836 2705 differebant
867 2680 891 2705 a
920 2666 1141 2714 vocabulis,
1184 2680 1287 2719 quae
1325 2679 1484 2719 semper
1515 2666 1676 2705 vocales
1716 2666 1756 2703 in
1790 2665 1905 2702 initio

102 2734 309 2774 habebant
339 2737 502 2787 positas.
547 2735 617 2774 sed
668 2736 898 2774 inferiorum
948 2743 1170 2788 temporum
1214 2743 1379 2787 poetae,
1426 2750 1516 2774 cum
1562 2736 1749 2774 viderent
1797 2735 1902 2785 apud

194 2886 243 2939 .¹)
268 2896 412 2931 Homer.
439 2896 537 2931 stud.
561 2897 607 2930 Π.
634 2900 668 2930 et
694 2897 757 2929 111.

238 2955 261 2976 K
268 2961 285 2977 ιι
292 2961 309 2976 n
316 2961 328 2976 ι
335 2957 347 2976 t
356 2970 363 2983 ,
379 2955 418 2977 De
433 2954 567 2977 Theocriti
580 2960 661 2977 versu
675 2955 790 2977 heroico.
1747 2955 1764 2986 7
