2051 3341
126 142 181 181 34

123 268 368 315 trochaicam
407 259 620 310 evitantes.
666 282 798 321 neque
830 269 1069 307 Theocritus
1106 267 1189 309 tale
1221 267 1318 321 quid
1349 269 1427 311 sibi
1458 272 1666 313 concessit.
1710 273 1838 312 semel
1867 272 1939 312 ille
1994 247 2051 277 ,ΞΛ

125 337 288 389 quidem
309 337 507 383 vocabulo
530 338 709 389 quinque
739 337 1003 388 syllabarum,
1036 336 1148 374 cuius
1178 337 1309 388 prima
1340 337 1500 388 syllaba
1528 340 1651 391 longa
1671 347 1744 390 est,
1775 354 1938 381 versum
2007 331 2009 333 V

125 407 390 460 spondiacum
432 407 666 447 terminavit
707 405 830 459 idque
872 406 914 444 in
956 405 1129 445 formula
1172 413 1236 444 ex‘
1267 406 1446 447 Homero
1482 415 1663 461 receptat
1698 410 1827 452 XXV
1858 412 1940 451 154

127 478 200 531 βίη
230 479 275 518 θ’
314 477 585 531 Ἡρακληείη,
617 477 667 514 cf.
698 476 818 514 Hom.
853 477 895 516 A
926 477 1024 516 690.

244 547 435 598 Aptiores
473 545 524 584 ad
555 558 693 583 versus
725 544 965 597 spondiacos
994 544 1192 584 finiendos
1223 546 1401 589 omnium
1430 551 1656 598 temporum
1686 550 1817 600 poetis
1850 563 1937 590 esse

125 615 368 654 videbantur
408 627 526 653 voces
569 627 642 653 sex
687 613 859 666 syllabis
904 619 1147 657 constantes.
1194 620 1317 666 atque
1348 613 1591 653 Theocritus
1614 617 1760 657 ,semel
1796 619 1839 657 in
1879 632 1935 659 cc.

126 685 251 731 mim„
285 689 427 734 quater
459 684 500 720 in
532 695 596 734 ep.
620 683 706 723 eius
737 682 845 725 modi
866 682 1065 721 vocabula
1085 684 1128 721 in
1149 683 1369 735 spondiaco
1390 696 1531 722 versus
1554 684 1665 724 exitu
1688 684 1876 731 adhibuit
1889 685 1934 740 ¹).

238 752 417 797 Pedem
448 758 639 791 sextum
662 752 696 790 si
719 752 898 803 respicis,
932 765 1068 795 omnes
1099 758 1244 803 poetae
1274 753 1379 804 epici
1410 753 1633 804 spondeum
1663 754 1740 791 hac
1769 755 1812 792 in
1842 754 1938 793 sede

124 834 273 874 ponere
304 820 513 860 malebant
544 834 664 874 quam
694 814 945 871 trochaeum3
987 820 1059 860 illo
1096 821 1202 860 enim
1243 820 1416 864 admisso
1455 827 1570 880 totus,
1591 821 1818 862 hexametri
1849 822 1938 863 finis

123 892 247 931 multo
278 892 440 943 gravior
469 892 514 929 fit
545 905 592 930 ac
622 892 794 943 plenior.
827 891 1013 930 similiter
1042 891 1118 934 hac
1148 892 1190 933 in
1221 905 1265 932 re
1293 892 1532 932 Theocritus
1564 907 1725 945 quoque
1755 899 1937 933 versatus

123 967 201 1010 est;
235 967 360 1013 atque
389 962 432 999 in
462 961 603 1014 primis
634 962 676 999 in
707 958 834 1013 edyll.
863 961 997 1000 bucol.
1020 960 1190 1013 spondei
1220 975 1314 1000 usus
1345 962 1397 1003 in.
1418 960 1522 1010 pede
1554 968 1668 1001 sexto
1698 963 1781 1002 late
1811 968 1935 1015 patet,

121 1031 164 1068 in
208 1045 264 1070 cc.
297 1031 408 1068 mim.
441 1037 482 1069 et
520 1044 583 1082 ep.
615 1031 737 1082 paulo
780 1030 946 1070 recedit.
990 1032 1031 1068 in
1070 1030 1231 1081 edylliis
1269 1037 1403 1069 autem
1443 1032 1609 1081 originis
1646 1032 1827 1070 incertae
1864 1045 1938 1084 pes

122 1105 261 1138 sextus
290 1113 384 1145 >non
431 1100 560 1138 rarius
603 1099 845 1150 spondiacus
890 1105 950 1142 est
994 1112 1115 1148 quam
1150 1102 1193 1137 -in
1238 1100 1424 1148 genuinis
1469 1100 1673 1140 Theocriti
1714 1114 1772 1140 cc.
1804 1100 1936 1141 bucol.

124 1167 319 1206 exhibent
352 1168 458 1206 enim
491 1169 533 1206 in
564 1168 660 1207 sede
690 1174 823 1211 sexta:

122 1271 169 1325 a)
211 1274 251 1310 in
292 1286 349 1311 cc.
383 1272 474 1310 buc.
507 1286 575 1309 vv.
610 1272 694 1310 554
726 1272 793 1311 vel
826 1270 980 1326 63·3⁰s0
1013 1272 1249 1324 spondeum,
1290 1286 1357 1310 vv.
1393 1272 1475 1311 322
1508 1273 1576 1311 vel
1607 1273 1761 1327 36⁰70s0
1794 1274 1934 1320 trech„

122 1340 164 1395 b)
221 1373 241 1395 „
308 1372 328 1394 „
383 1342 492 1379 mim.
535 1372 552 1389 „
611 1342 696 1380 250
749 1372 769 1394 „
826 1340 981 1396 ι565οχΟ
1134 1373 1154 1395 „
1318 1373 1337 1395 „
1395 1343 1476 1381 193
1531 1372 1550 1395 „
1606 1341 1761 1398 435οχ0
1855 1374 1874 1396 ,,

123 1409 161 1464 0)
218 1442 237 1463 „
306 1442 326 1465 „
381 1425 446 1462 ep.
540 1440 557 1458 „
613 1412 696 1449 599
753 1442 771 1463 „
828 1408 982 1465 56·6⁰l0
1135 1442 1154 1463 „
1319 1441 1339 1463 „
1393 1412 1477 1450 459
1532 1441 1552 1464 „
1606 1408 1765 1466 43·40s0
1855 1443 1875 1466 „

120 1477 161 1532 (z)
217 1510 236 1532 „
305 1510 325 1532 „
379 1479 474 1517 dub.
537 1510 557 1530 „
614 1480 694 1517 181
752 1509 772 1530 „
829 1476 983 1533 6340]⁰
1137 1508 1154 1526 ,,
1319 1510 1338 1532 ,,
1397 1481 1478 1518 106
1532 1509 1551 1532 „
1608 1479 1760 1534 369οχΟ
1857 1510 1873 1528 ,,

237 1584 436 1621 Naturam
456 1596 555 1620 vero
578 1583 880 1630 vocabulorum,
903 1582 1049 1634 quibus
1069 1572 1294 1620 hexametri
1313 1583 1524 1634 spondiaci
1545 1583 1654 1635 apud
1676 1583 1936 1622 Theocritum

122 1651 306 1692 concludi
338 1652 483 1700 solent,
515 1652 611 1691 satis
642 1652 721 1690 iam
751 1652 1071 1705 inlustravimus3
1105 1650 1175 1690 sed
1207 1661 1295 1690 cum
1326 1657 1473 1704 poetae
1501 1652 1544 1691 in
1562 1651 1745 1692 versibus
1766 1652 1936 1692 heroicis

120 1721 423 1769 concludendis‚
468 1722 591 1759 etiam
622 1721 656 1760 si
687 1721 913 1772 dactylicus
945 1726 1029 1759 erat
1058 1734 1132 1772 pes
1164 1721 1340 1772 quintus,
1382 1721 1521 1760 subtili
1553 1722 1704 1760 versati
1734 1722 1816 1760 sint
1846 1735 1936 1760 cum

122 1791 346 1842 diligentia,
369 1790 508 1842 paucis
524 1789 687 1842 quidem
708 1790 750 1828 in
763 1791 998 1829 universum
1021 1789 1077 1828 de
1100 1790 1338 1829 clausulis
1359 1804 1585 1830 versuum
1604 1791 1933 1830 Theo'criteorum

119 1872 370 1911 exponamus
400 1872 565 1898 necesse
597 1866 669 1899 est.
703 1865 824 1911 atque
856 1865 900 1897 ut
930 1860 973 1896 in
1003 1858 1232 1910 spondiacis
1252 1858 1450 1906 versibus,
1482 1860 1540 1897 ita
1570 1860 1692 1897 etiam
1723 1860 1765 1897 in
1794 1861 1935 1899 ceteris

117 1928 360 1967 hexametris
401 1927 589 1966 finiendis
631 1929 768 1979 magni
810 1928 1002 1976 momenti
1046 1926 1154 1979 apud
1198 1940 1336 1966 omnes
1377 1933 1519 1979 poetas
1562 1933 1648 1974 erat
1680 1940 1864 1967 vocum‘
1888 1928 1927 1967 in

116 1999 305 2037 extremis
336 1997 519 2037 versibus
556 1997 877 2049 reponendarum
909 1996 1194 2049 amplitudo.
1233 1997 1290 2035 sic
1326 1997 1406 2035 iam
1437 1997 1544 2049 apud
1577 1997 1799 2037 Homerum
1835 2011 1931 2037 usus

118 2068 418 2114 vocabulorum,
464 2080 630 2118 quorum
668 2067 771 2105 varii
815 2072 908 2106 sunt
950 2066 1134 2115 ambitus,
1179 2067 1221 2104 in
1264 2065 1489 2104 hexametri
1532 2066 1644 2105 exitu
1679 2067 1815 2105 varius
1859 2071 1931 2106 est.

119 2137 443 2188 frequentissime
483 2137 590 2174 enim
620 2137 678 2175 ibi
708 2149 849 2175 versus
882 2136 1173 2183 concluduntur
1203 2136 1370 2174 vocibus
1399 2135 1636 2186 trisyllabis,
1679 2150 1768 2175 raro
1798 2149 1933 2175 mono-

119 2206 291 2257 syllabis
314 2210 382 2243 aut
403 2205 474 2252 eis,
513 2218 616 2256 quae
637 2211 729 2243 sunt
750 2205 963 2256 quinarum
983 2206 1052 2244 vel
1081 2205 1173 2256 plus
1201 2204 1450 2256 syllabarum
1462 2203 1510 2254 2).
1543 2204 1651 2256 apud
1673 2204 1932 2244 Theocritum

120 2276 189 2328 qui
219 2288 315 2314 usus
347 2275 475 2327 possit
506 2274 726 2322 observari,
760 2288 811 2314 ex
841 2274 917 2312 hac
947 2273 1087 2313 tabula
1119 2274 1273 2313 elucet:

237 2432 264 2477 1)
293 2434 345 2466 cf.
372 2433 403 2475 b)
430 2434 517 2466 XIV
534 2436 578 2466 33
595 2431 718 2466 κόλπω
736 2430 1009 2476 ἐπυθυμήσασα,
1034 2434 1077 2467 cf.
1098 2433 1236 2466 Callim.
1255 2434 1373 2476 hymn.
1400 2434 1454 2465 111
1477 2435 1545 2467 237
1569 2432 1728 2476 πολέμου
1751 2429 1931 2477 ἐπιθυμή-

118 2500 251 2535 τειραι,·
284 2493 314 2535 c)
341 2491 426 2525 XVI
445 2494 481 2526 91
513 2490 653 2537 βοτάνα
677 2490 955 2526 διαπιανθεῖσαι
980 2491 1036 2534 (cf.
1054 2492 1161 2525 Dion.
1185 2491 1323 2535 Perieg.
1343 2492 1431 2525 1071
1457 2488 1615 2536 ποταμοὶ
1637 2489 1932 2537 περιπιαιζνουσι),

117 2549 235 2581 XXIV
261 2552 305 2583 85
330 2549 469 2593 βρέφος
494 2549 790 2593 διαδηλήσασθαι
807 2550 865 2593 (cf.
884 2550 988 2582 Hom.
1007 2549 1028 2590 ξ
1045 2552 1089 2583 37
1106 2549 1212 2588 κύνες
1235 2549 1506 2596 διεδηλήσαντο,
1530 2550 1646 2593 Apoll.
1665 2551 1781 2583 Rhod.
1805 2550 1836 2581 B
1852 2551 1931 2590 284,

119 2607 152 2639 Γ
175 2609 274 2650 579);
299 2608 383 2641 ibid.
417 2610 483 2642 127
508 2606 616 2651 λόγον
645 2606 676 2641 τ’
700 2606 1025 2652 ἀναμετρήσασθαι
1059 2608 1116 2651 (cf.
1149 2608 1282 2655 oracul.
1313 2618 1370 2652 ap.
1394 2607 1527 2655 Herod.
1552 2608 1571 2641 Ι
1596 2609 1640 2641 66
1674 2598 1828 2653 [Anthol.
1853 2606 1929 2640 Pal.

118 2666 202 2697 xlv
231 2665 286 2708 76]
325 2665 452 2698 πεδίον
482 2665 612 2710 σχοίνῳ
644 2664 973 2709 διαμετρήσασθαι,
1010 2666 1149 2699 Gallim.
1181 2653 1301 2707 hymn.
1333 2667 1373 2698 Π
1393 2668 1437 2698 55
1467 2664 1597 2703 πόλιας
1625 2664 1929 2708 διεμετρήσαντο),

118 2722 220 2754 XXV
245 2723 288 2755 66
326 2719 413 2760 ἔπος
443 2721 758 2766 προτιμυθήσαιτο
798 2723 856 2768 (cf.
882 2722 1002 2766 Apoll.
1026 2723 1142 2755 Rhod.
1178 2723 1214 2755 Γ
1235 2725 1303 2757 934
1334 2721 1411 2756 οὔτ’
1441 2719 1573 2768 ἐρατὸν
1607 2721 1722 2766 κούρη
1757 2731 1820 2754 κεν
1844 2718 1931 2759 ἔπος

117 2778 448 2823 προτιμυθήσαιτο,
472 2781 557 2813 ibid.
586 2783 693 2822 10103
718 2782 824 2827 Hom
848 2782 868 2813 λ
893 2782 960 2813 143
985 2779 1072 2814 οὐδὲ
1096 2779 1475 2826 προτιμυθήσασθαι).

235 2838 263 2882 ²)
291 2837 343 2871 Of.
369 2837 527 2870 Bekkeri
553 2837 710 2872 ‘Homen
734 2838 852 2871 Blattff
878 2838 896 2871 1
919 2849 952 2881 p.
980 2839 1059 2872 148.
