2051 3341
96 224 341 274 punctiones
385 225 426 262 in
461 238 706 276 unoquoque
746 238 867 263 versu
902 226 1038 276 magni
1075 230 1168 262 sunt
1205 227 1411 263 momenti.
1464 240 1512 264 ac
1541 233 1624 265 tum
1663 223 1953 278 potissimums

100 306 268 331 caesura
289 293 474 332 bucolica
493 293 759 348 praeferenda
790 307 875 332 esse
898 293 1069 341 videtur,
1102 293 1172 331 ubi
1203 294 1536 346 interpunctione
1556 296 1774 335 adiuvatur
1794 296 1912 334 simul
1964 299 1966 303 ⁴
2010 296 2027 312 ⁵

102 361 313 400 vocabulis
345 363 384 399 in
416 362 521 414 pede
550 364 668 401 tertio
689 363 776 400 sive
810 363 979 400 elisione
1000 363 1087 400 sive
1109 362 1190 400 alio
1220 363 1384 401 vinculo
1416 369 1501 402 arte
1533 365 1768 414 coniunctis,
1800 364 1913 403 velut

99 431 122 468 I
146 432 199 469 92
221 429 306 478 τὼς
336 430 374 471 δ’
395 430 526 471 οὐδὲν
554 428 801 479 ποτελέξαθ’
824 431 849 471 ὁ
878 431 1104 485 βουκόλος,
1136 429 1241 471 ἀλλὰ
1270 430 1348 471 τὸν
1378 431 1495 472 αὑτῶ
1527 434 1659 472 autin
1681 447 1801 472 versu
1830 434 1911 471 iam

100 495 226 551 supra
257 500 392 538 adlato
414 501 479 537 ΠΙ
502 502 522 536 1
541 499 771 552 Κωμάσδω
801 500 902 540 ποτὶ
930 499 1012 540 τὰν
1031 500 1327 554 Άμαρυλλίὸα,
1355 500 1427 540 ταὶ
1447 500 1496 541 δέ
1515 516 1591 555 μοι
1613 500 1745 556 αἶγες,
1775 502 1911 541 simill.

221 569 409 608 Ceterum
452 567 674 607 cavendum
711 574 784 617 est,
827 581 880 607 ne
917 569 1021 607 iusto
1068 569 1160 621 plus
1205 569 1391 608 incisioni
1436 569 1646 609 bucolicae
1686 571 1909 611 tribuamus

103 639 385 675 anctoritatem
417 650 607 675 caesurae
637 637 755 688 pedis
785 638 894 675 tertii
917 638 1200 677 detrectantes.
1232 637 1394 689 reputes
1425 632 1530 692 enim
1563 639 1713 689 quaeso
1745 641 1786 677 in
1813 640 1911 691 ipsis

102 706 275 745 bucolici
295 706 455 758 generis
477 705 722 760 carminibus
743 712 804 745 sat
826 706 974 745 multos
994 720 1133 746 versus
1149 701 1430 762 (CCXXVIH
1453 707 1558 746 inter
1578 705 1908 746 DCCCLXXVI

104 777 169 814 vel
198 776 349 814 XXVI
379 777 421 814 in
453 777 650 825 centenis)
684 776 883 816 incisione
914 777 1099 816 bucolica
1128 770 1291 829 prorsus
1322 790 1471 815 carere.
1505 783 1644 816 contra
1669 777 1908 816 Theocritus

105 847 145 883 in
177 844 361 884 omnibus
394 844 640 885 carminibus
669 851 751 885 tres
780 851 937 885 tantum
967 839 1222 885 hexametros
1252 846 1311 885 ita
1341 846 1619 900 conformavit,
1654 852 1700 886 ut
1727 846 1909 899 longiore

101 915 298 953 vocabulo
330 915 370 952 in
403 914 537 953 medio
568 928 688 953 versu
719 916 928 955 conlocato
964 916 1076 955 tertii
1111 915 1225 968 pedis
1257 928 1422 971 caesura
1452 916 1707 968 impediatur.
1742 929 1909 968 quorum

102 997 293 1023 versuum
326 997 431 1023 unus
463 989 576 1022 extat
605 985 648 1023 in
679 984 803 1037 edyll.
837 984 971 1024 bucol.
1002 984 1108 1024 VIII
1130 987 1180 1024 61
1213 974 1349 1042 torota
1383 984 1463 1039 μὲν
1500 981 1564 1026 ὧν
1593 985 1648 1026 δι’
1668 984 1911 1040 ἀμοιβαίων

102 1053 147 1093 οἱ
177 1053 330 1101 παῖδες
360 1054 524 1103 ἄεισαν,
567 1052 646 1092 duo
676 1054 718 1091 in
750 1054 894 1106 epicis:
936 1055 1046 1092 XIII
1076 1056 1128 1092 41
1163 1054 1350 1094 κυάνεόν
1385 1068 1431 1094 τε
1465 1054 1708 1106 χελιδόνιον
1742 1054 1911 1107 χλωρόν

100 1124 137 1163 τ’
156 1122 365 1165 ἀδίαντον
397 1129 436 1162 et
466 1123 596 1162 XXII
628 1124 680 1163 72
714 1123 911 1178 ὀρνίθων
941 1119 1269 1180 φοινικολόφων
1297 1123 1460 1165 τοιοίδε
1489 1123 1694 1178 κυδοιμοί
1703 1121 1749 1178 ¹).

218 1194 284 1231 De
320 1190 505 1234 versibus
553 1200 686 1233 autem
729 1192 799 1234 III
832 1197 870 1242 1,
909 1193 954 1235 X
987 1196 1055 1242 29,
1101 1189 1215 1234 XXI
1245 1196 1314 1242 47,
1353 1196 1393 1232 in
1432 1194 1576 1245 quibus
1614 1194 1783 1232 articulo
1820 1207 1909 1232 cum

101 1262 357 1303 substantivo
390 1277 462 1303 suo
486 1269 571 1303 arte
593 1263 791 1316 copulato,
821 1265 1033 1316 quominus
1074 1277 1280 1304 caesuram
1301 1263 1416 1316 pedis
1437 1263 1546 1304 tertii
1568 1276 1654 1303 esse
1675 1268 1907 1311 statuamus,

100 1332 358 1383 impedimur,
391 1333 472 1369 iam
503 1346 544 1384 p.
577 1334 632 1370 42
665 1346 724 1385 sq.
759 1334 1033 1385 exposuimus.

217 1400 417 1448 Quattuor
460 1402 621 1453 quidem
669 1416 719 1440 ex
757 1402 1000 1440 hexametris
1039 1402 1185 1440 adlatis
1223 1399 1346 1455 (VIII
1378 1403 1445 1449 61,
1488 1401 1531 1440 X
1576 1403 1644 1448 29,
1688 1400 1797 1439 XIII
1838 1401 1909 1447 41,

99 1468 231 1508 XXII
263 1471 335 1521 72)
379 1471 437 1509 ita
470 1471 691 1524 comparati
722 1476 825 1518 sunt,
870 1476 915 1509 ut
946 1484 1112 1510 caesura
1142 1470 1470 1523 semiseptenaria
1500 1469 1715 1523 primariae
1748 1470 1838 1509 vice
1867 1469 1908 1507 in

101 1542 158 1578 eis
188 1541 392 1591 fungatur.
424 1547 586 1592 praeter
617 1541 687 1579 hos
719 1547 852 1579 autem
883 1555 1022 1580 versus
1054 1542 1174 1579 etiam
1207 1541 1313 1592 apud
1335 1540 1596 1579 Theocritum
1627 1540 1778 1591 ubique
1798 1539 1907 1577 solae

100 1608 217 1660 pedis
257 1609 367 1648 tertii
401 1609 615 1648 incisiones
659 1615 728 1648 aut
771 1623 938 1649 caesura
990 1609 1174 1648 bucolica
1211 1623 1284 1662 pro
1325 1609 1526 1662 primariis
1566 1608 1778 1648 habendae
1820 1621 1908 1648 esse

103 1678 302 1716 videntur.
355 1693 402 1717 ac
437 1693 488 1717 ne
518 1680 566 1725 in,
593 1680 650 1717 eis
689 1679 850 1731 quidem
888 1680 1084 1727 versibus,
1133 1679 1277 1730 quibus
1308 1692 1499 1717 caesurae
1529 1679 1746 1731 primariae
1775 1678 1906 1716 locum

102 1747 286 1786 bucolica
314 1753 426 1787 tenet
455 1748 611 1796 incisio,
644 1748 760 1800 pedis
791 1749 900 1787 tertii
931 1761 1117 1787 caesuras
1150 1761 1311 1800 prorsus
1341 1747 1615 1800 neglegendas
1645 1760 1733 1787 esse
1763 1760 1815 1785 ex
1835 1748 1905 1791 eis,

100 1830 206 1867 quae
238 1818 419 1868 exposui,
452 1818 549 1855 satis
582 1817 766 1868 adparet.

217 1886 294 1925 His
324 1886 556 1938 praemissis
589 1886 640 1924 ad
667 1887 859 1938 -singulas
898 1899 1085 1926 caesuras
1121 1885 1352 1925 tractandas
1388 1885 1560 1924 transire
1589 1885 1698 1923 licet.
1751 1897 1798 1923 ac
1827 1885 1907 1936 pri-

98 1969 206 1993 mum
253 1955 415 2008 quidem
459 1955 515 1995 de
559 1957 777 1995 caesuris
820 1955 964 2008 pedis
1007 1956 1148 1994 tertii
1193 1968 1312 2006 agere
1365 1956 1404 1993 in
1450 1954 1583 1993 animo
1630 1960 1702 1994 est.
1759 1954 1907 1992 etenim

99 2026 362 2067 inveniuntur
404 2026 619 2065 incisiones
668 2027 711 2064 in
753 2027 873 2064 tertia
915 2039 1054 2065 versus
1101 2025 1251 2065 heroici
1296 2024 1391 2064 sede
1435 2024 1556 2074 duae3
1609 2024 1738 2062 altera
1780 2036 1907 2075 eaque

95 2096 240 2133 fortior
271 2096 391 2133 arsim
422 2096 541 2134 huius
571 2096 687 2147 pedis
713 2097 876 2148 excipit,
911 2096 1040 2134 altera
1061 2095 1221 2133 mollior
1240 2099 1397 2146 partem
1424 2094 1548 2133 thesis
1569 2094 1756 2145 priorem.
1787 2098 1908 2144 atque

100 2165 173 2203 illa
205 2164 368 2216 quidem
405 2166 503 2216 quin
535 2164 807 2217 pulcherrima
844 2166 896 2204 sit
925 2164 1149 2203 hexametri
1188 2163 1381 2215 dactylici
1413 2176 1592 2211 caesura,
1631 2163 1703 2201 vix
1734 2161 1909 2201 dubitari

95 2239 249 2285 potest;
298 2233 493 2272 dividitur
539 2234 646 2272 enim
690 2246 831 2272 versus
875 2247 924 2273 ea
963 2233 1137 2272 admissa
1175 2234 1216 2271 in
1259 2238 1394 2284 partes
1438 2232 1551 2279 duas,
1596 2244 1765 2283 quarum
1801 2231 1910 2283 prior

98 2303 360 2354 dactylicum,
384 2303 514 2341 altera
536 2303 840 2354 anapaesticum
853 2316 1064 2341 numerum
1078 2302 1243 2341 exhibet
1261 2307 1513 2352 metrumque
1527 2306 1676 2352 aequat
1688 2300 1909 2352 paroemia-

97 2386 201 2420 cum,
235 2371 343 2423 quod
375 2377 414 2410 et
435 2372 568 2423 ipsum
589 2372 814 2423 simplicem
844 2384 943 2423 prae
974 2384 1018 2409 se
1038 2372 1115 2409 fert
1136 2375 1402 2409 venustatem.
1435 2382 1602 2407 caesura
1633 2374 1767 2407 autem
1793 2369 1909 2421 pedis

97 2442 205 2479 tertii
249 2440 455 2479 trochaica
496 2445 625 2479 totum
668 2453 830 2478 versum
872 2439 1097 2478 molliorem
1142 2438 1316 2490 quodam
1357 2436 1476 2477 modo
1521 2437 1645 2476 efficit
1690 2443 1811 2490 atque
1857 2437 1906 2476 ad

99 2509 327 2560 augendam
369 2522 627 2547 numerorum
669 2508 919 2547 celeritatem
963 2508 1115 2559 aliquid
1148 2507 1290 2547 adfert.
1344 2506 1452 2559 apud
1482 2506 1703 2546 Homerum
1746 2505 1909 2558 quidem

217 2717 242 2758 ¹)
267 2715 374 2757 Apud
389 2715 585 2747 Homerum
602 2714 709 2747 huius
726 2714 823 2746 modi
840 2725 964 2746 versus
980 2714 1087 2757 paulo
1105 2714 1360 2756 frequentiores
1379 2716 1477 2754 sunt3
1502 2712 1663 2754 congesti
1686 2710 1908 2753 reperiuntur

94 2776 133 2806 in
156 2773 315 2806 Bekkeri
340 2772 497 2804 ‘Romen
523 2770 641 2804 Blatt?
664 2772 683 2804 I
705 2782 740 2814 p.
768 2773 834 2804 143
868 2772 1139 2814 accuratiusque
1174 2772 1213 2803 in
1248 2771 1390 2803 Lehrsii
1425 2770 1494 2802 ‘De
1523 2769 1629 2802 Arist.
1668 2768 1760 2801 stud.
1791 2766 1908 2800 Hom.'

95 2843 128 2874 p.
155 2833 224 2864 394
250 2841 326 2873 sqq.
351 2832 479 2873 poetae
503 2832 621 2862 autem
648 2829 775 2862 aetatis
799 2828 1060 2862 Alexandrinae
1093 2839 1215 2862 omnes
1238 2828 1320 2861 illos
1344 2829 1516 2868 vitarunt;
1546 2829 1646 2859 certe
1670 2824 1910 2859 Callimachus

94 2889 232 2921 nullum
266 2888 421 2928 admisit,
454 2887 667 2930 Apollonius
699 2887 803 2919 duos:
829 2887 859 2918 A
886 2888 952 2920 176
978 2890 1013 2919 et
1036 2886 1066 2918 B
1091 2887 1171 2929 389,
1206 2887 1290 2919 item
1314 2885 1512 2929 Dionysius
1537 2884 1677 2926 Perieg.
1703 2883 1807 2919 duos:
1840 2884 1909 2916 630

92 2949 131 2986 et
156 2949 235 2990 753,
258 2946 440 2979 Nicander
463 2956 590 2978 unum:
616 2945 719 2978 Ther.
746 2946 825 2978 894.

2041 2865 2051 2878 ,Ἰ

2000 2880 2003 2881 ⁷
2025 2881 2051 2895 „q

1968 2898 1973 2903 ,
2012 2896 2051 2920 „²⁴¹
