2051 3336
1855 95 1908 134 55

105 225 468 275 'interpunctionem
512 229 552 263 et
587 225 627 263 in
658 225 851 271 bucolica,
896 224 1007 262 cuius
1050 223 1167 261 modi*
1202 223 1428 261 hexametri
1473 235 1562 260 cum
1606 222 1647 260 in
1686 235 1741 261 cc.
1775 221 1907 260 bucol.

110 297 149 332 et
177 293 287 333 mim.
319 298 381 332 sat
411 292 638 345 frequentes
669 295 760 342 sint,
798 294 839 332 in
880 291 1063 331 omnibus
1101 306 1157 331 cc.
1192 306 1253 345 ep.
1288 306 1368 331 non
1401 291 1493 344 plus
1524 298 1605 330 tres
1637 292 1902 343 reperiuntur.

104 376 243 402 versus
286 369 419 402 autem
462 364 518 401 ita
561 369 826 417 comparatos,
870 368 914 401 ut
954 363 1127 415 spatium
1171 363 1273 402 inter
1316 362 1531 401 incisiones
1572 361 1688 414 pedis
1726 362 1835 400 tertii
1868 367 1909 400 et

105 433 327 472 bucolicam
369 434 526 485 integra
569 433 779 486 expleatur
824 433 1024 472 sententia
1067 438 1187 484 atque
1231 433 1395 484 gravius
1439 432 1753 483 interpungatur
1793 432 1905 469 etin

105 502 201 541 sede
230 515 368 542 versus
404 505 522 542 tertia
553 510 592 542 et
621 510 712 556 post
743 503 885 556 pedem
918 507 1116 554 quartum,
1149 502 1260 541 velut
1290 502 1311 540 I
1344 504 1397 541 62
1430 501 1556 542 κοῦτί
1589 514 1641 541 τυ
1679 501 1907 555 κερτομέω.

106 571 255 626 πόταγ’
287 569 451 627 ὦγαθέ·
493 574 573 614 τὰν
603 573 685 628 γὰρ
717 572 886 622 ἀοιδάν,
930 573 971 610 in
1004 585 1058 612 cc.
1093 585 1152 623 ep.
1186 585 1344 623 prorsus
1385 585 1465 610 non
1496 572 1654 619 inveni,
1697 572 1738 608 in
1767 571 1908 608 ceteris

111 646 243 680 autem
276 642 435 695 edylliis
466 649 627 695 praeter
659 656 763 688 eum,
808 654 924 692 quem
956 640 1098 688 adtuli,
1136 642 1256 679 etiam
1287 642 1427 680 horum
1458 654 1646 679 versuum
1679 639 1816 678 eadem
1850 645 1909 678 est

104 711 301 751 condicio:
334 711 378 763 a)
410 711 480 751 III
514 713 579 758 15,
614 712 680 764 24,
715 711 753 749 V
784 712 823 758 3,
857 711 958 758 149;
992 707 1028 763 b)
1060 709 1104 750 Π
1130 713 1164 757 1,
1199 709 1308 750 XIV
1332 712 1397 758 22,
1432 710 1513 749 XV
1545 712 1616 759 73;
1648 707 1694 763 d)
1722 709 1809 747 XX
1835 709 1907 758 37;

103 778 217 821 XXI
249 782 316 829 63,
348 779 527 822 XXVII
560 781 625 819 51.
670 780 798 818 multo
843 780 1002 832 saepius
1043 780 1085 817 in
1129 779 1255 817 altera
1300 792 1463 817 caesura
1507 780 1670 830 gravius
1702 780 1743 817 in
1776 779 1906 817 altera

102 850 230 888 lenius
243 851 271 899 ¹)
305 857 374 888 aut
404 851 445 888 in
477 857 647 901 utraque
682 848 856 899 lenius2)
891 850 1201 901 interpungitur.

223 918 412 957 Difficilis
434 925 493 957 est
523 919 746 971 quaestio
779 918 836 956 de
866 913 1072 969 spondei
1103 931 1190 956 usu
1222 923 1334 955 ante
1368 930 1611 955 caesuram
1633 916 1904 956 bucolicam

110 986 219 1039 apud
251 987 522 1027 Theocritum.
570 994 724 1027 constat
767 988 873 1026 enim
917 1000 1054 1026 omnes
1096 993 1236 1039 poetas
1275 986 1368 1025 inde
1399 985 1448 1025 ab
1480 986 1657 1025 Homero
1688 988 1729 1025 in
1763 993 1903 1039 quarta

101 1055 195 1095 sede
243 1070 428 1096 versuum
477 1070 641 1096 caesura
686 1057 817 1097 bucol.
865 1057 1161 1095 instructorum
1212 1057 1329 1107 longe
1380 1057 1656 1108 anteposuisse
1701 1056 1905 1108 dactylum

101 1127 291 1179 spondeo.
324 1127 545 1167 Homerum
568 1126 748 1179 quidem,
778 1133 822 1166 ut
856 1127 1065 1166 conlocare
1096 1132 1231 1179 posset
1258 1127 1297 1164 in
1321 1126 1417 1165 sede
1438 1125 1511 1165 illa
1532 1125 1750 1179 dactylum,
1783 1139 1904 1179 saepe

100 1198 247 1236 formas
279 1204 318 1236 et
348 1198 683 1236 substantivorum
714 1203 753 1236 et
788 1197 1001 1236 verborum
1033 1198 1264 1245 insolentes,
1297 1198 1409 1235 velut
1447 1207 1475 1236 σ
1509 1199 1589 1236 192
1624 1197 1904 1251 προσώπατα,

102 1267 155 1307 Η
179 1268 260 1306 212
299 1267 554 1322 προσώπασι
609 1273 699 1308 cett.
755 1280 967 1320 usurpasse
1010 1267 1175 1306 Bekker
1218 1265 1563 1316 demonstravit3).
1624 1266 1730 1318 apud
1770 1266 1901 1305 Theo-

110 1337 251 1376 critum
284 1341 416 1376 autem
447 1337 489 1375 in
520 1333 576 1375 cc.
610 1350 687 1389 ep.,
720 1337 761 1375 in
793 1337 937 1389 quibus
967 1337 1172 1376 incisionis
1203 1334 1334 1376 bucol.
1363 1349 1456 1375 usus
1487 1335 1650 1384 recedit,
1683 1335 1902 1388 spondeum

104 1405 220 1457 pedis
252 1407 383 1458 quarti
413 1406 539 1445 multo
569 1407 880 1459 frequentiorem
912 1420 998 1445 esse
1036 1420 1155 1458 quam
1190 1407 1230 1445 in
1269 1405 1399 1445 bucol.
1431 1419 1551 1458 supra
1581 1405 1811 1456 vidimus4).
1858 1407 1899 1444 in

110 1488 268 1514 causam
301 1488 411 1522 vero,
444 1489 513 1514 cur
542 1482 688 1528 poetae
721 1481 904 1528 quartum
932 1489 1070 1515 versus
1101 1475 1243 1527 pedem
1274 1476 1512 1528 insequente
1544 1474 1738 1514 incisione
1769 1475 1900 1517 bucol.

105 1545 345 1597 dactylicum
377 1558 463 1584 esse
493 1546 720 1595 maluerint,
753 1546 786 1584 si
816 1546 1009 1598 inquiras,
1043 1545 1093 1584 ab
1127 1546 1215 1598 ipsa
1246 1546 1364 1584 huius
1396 1558 1584 1584 caesurae
1614 1551 1758 1583 natura
1789 1559 1836 1584 ac
1857 1546 1899 1583 vi

104 1614 435 1667 proficiscendum
496 1628 582 1654 esse
631 1615 811 1655 arbitror.
864 1629 910 1654 ac
956 1615 1144 1654 videntur
1188 1621 1330 1667 poetae
1380 1624 1470 1667 post
1520 1620 1703 1666 quartum
1754 1614 1899 1667 pedem

103 1685 327 1724 hexametri
368 1685 580 1724 incidendo
619 1699 699 1725 non
736 1686 865 1725 solum
903 1685 1141 1734 elaborasse,
1186 1691 1229 1724 ut
1267 1686 1302 1724 ei
1334 1686 1542 1738 proprium
1576 1685 1661 1723 eius
1691 1698 1901 1724 numerum

105 1754 346 1807 dactylicum
390 1755 462 1794 sub
505 1756 623 1794 finem
665 1755 890 1804 redderent,
938 1755 1006 1794 sed
1050 1756 1170 1794 etiam
1200 1761 1245 1794 ut
1275 1755 1396 1794 totius
1426 1768 1565 1794 versus
1595 1748 1807 1807 rhythmus
1839 1768 1899 1794 ac-

102 1825 342 1863 celeraretur
357 1822 403 1877 5).
449 1838 530 1876 qua
573 1839 661 1864 cum
701 1838 744 1864 re
774 1825 816 1863 id
848 1838 1007 1876 quoque
1038 1825 1252 1863 cohaerere
1279 1825 1457 1876 adparet,
1501 1824 1606 1876 quod
1639 1824 1900 1863 Theocritum

98 1893 141 1932 in
170 1893 352 1933 versibus
394 1907 558 1933 caesura
600 1893 715 1947 pedis
762 1894 869 1933 tertii
913 1894 1116 1933 trochaica
1158 1894 1372 1943 instructis,
1422 1907 1500 1946 qua
1544 1899 1584 1932 et
1620 1895 1708 1946 ipsa
1745 1896 1900 1933 numeri

107 1964 393 2012 accelerantur,
425 1965 550 2003 multo
582 1965 743 2017 saepius
774 1978 845 2016 pro
877 1971 965 2003 rata
995 1971 1110 2017 parte
1142 1978 1346 2003 caesuram
1379 1964 1508 2003 bucol.
1538 1964 1750 2016 neglegere
1782 1978 1900 2016 quam

105 2034 146 2073 in
183 2033 439 2081 hexametris,
483 2034 551 2086 qui
592 2040 682 2086 post
718 2034 876 2074 tertiam
918 2035 1034 2074 arsim
1072 2034 1313 2083 inciduntur,
1345 2048 1465 2087 supra
1496 2033 1682 2075 vidimus.
1730 2033 1902 2073 admissa

100 2108 233 2142 autem
277 2116 439 2142 caesura
480 2109 571 2156 post
612 2103 757 2156 pedem
805 2109 993 2156 quartum
1035 2103 1293 2157 spondiacum
1337 2109 1492 2143 tantum
1536 2103 1660 2152 abest,
1709 2109 1754 2143 ut
1791 2117 1899 2144 acce-

98 2172 275 2211 lerentur
317 2174 483 2221 numeri,
533 2179 577 2211 ut
621 2174 741 2212 etiam
784 2174 910 2225 magis
958 2174 1221 2213 retardentur.
1267 2174 1422 2212 accedit
1458 2174 1565 2226 quod
1596 2173 1773 2225 spondeo
1805 2180 1899 2212 ante

99 2256 300 2282 caesuram
332 2242 463 2283 bucol.
495 2243 625 2295 posito
658 2242 878 2283 membrum
916 2243 1139 2282 hexametri
1182 2243 1257 2282 hac
1287 2243 1481 2283 incisione
1513 2244 1770 2282 terminatum
1804 2257 1896 2283 eun-

218 2369 241 2411 ¹)
268 2369 306 2410 a)
323 2369 340 2401 1
359 2370 401 2402 81
421 2367 555 2408 πάντες
579 2367 802 2413 ἀνηρώτευν,
828 2367 864 2402 τί
885 2367 1004 2402 πάθοι
1027 2366 1148 2403 κακόν.
1175 2364 1259 2413 ἦνθ’
1277 2366 1297 2402 ὁ
1321 2368 1499 2414 Πρίηπος,
1524 2369 1608 2402 ibid.
1635 2371 1690 2410 82,
1717 2372 1794 2411 106,
1821 2372 1898 2412 117,

105 2428 184 2466 149,
210 2427 291 2467 1513
317 2427 372 2459 111
389 2428 444 2467 18,
469 2428 530 2468 523
556 2428 606 2458 IV
632 2429 668 2468 1;
696 2428 725 2459 v
743 2428 797 2467 35,
824 2429 880 2467 41,
904 2429 964 2468 453
991 2428 1059 2459 vn
1084 2430 1139 2467 27,
1166 2430 1224 2470 913
1251 2428 1301 2459 XI
1320 2430 1379 2469 293
1406 2428 1438 2469 h)
1465 2428 1501 2460 11
1527 2429 1604 2469 124,
1632 2430 1712 2468 1513
1742 2428 1825 2460 X1v
1843 2431 1899 2469 31,

103 2486 158 2526 36,
185 2486 247 2527 ⁷03
271 2483 338 2517 XV
357 2486 388 2525 1,
414 2486 541 2526 12,13‚
566 2486 622 2526 51,
646 2485 700 2526 52,
727 2485 783 2528 67,
811 2485 863 2524 70,
891 2485 1046 2526 76,137;
1073 2486 1105 2527 0)
1130 2484 1234 2518 XV11
1261 2486 1320 2528 74;
1345 2485 1449 2518 xxn
1466 2486 1527 2529 543
1552 2485 1590 2528 d)
1610 2484 1674 2518 xx
1693 2487 1748 2529 103
1775 2485 1900 2520 xxm

98 2545 153 2583 21,
178 2544 234 2583 47,
260 2543 322 2585 583
347 2542 484 2575 XXVII
507 2544 569 2584 65;
595 2543 703 2584 epigr.
730 2544 779 2574 VI
806 2544 836 2575 5.

212 2599 240 2644 2)
267 2601 305 2643 a)
329 2599 346 2632 1
371 2600 430 2641 803
463 2599 493 2631 V
519 2600 574 2640 11,
599 2600 659 2642 383
689 2599 739 2632 VI
762 2601 822 2642 373
849 2599 916 2633 V11
943 2602 1003 2641 133
1030 2599 1116 2632 vm
1141 2602 1193 2641 19,
1221 2601 1276 2641 22,
1301 2602 1357 2641 33,
1382 2602 1445 2642 373
1474 2601 1526 2634 XI
1550 2602 1589 2643 23
1616 2600 1647 2644 b)
1671 2602 1757 2636 XIV
1784 2604 1814 2642 7,
1841 2605 1896 2645 44,

97 2661 153 2702 45,
195 2661 255 2702 613
291 2658 357 2691 XV
392 2659 446 2700 10,
483 2659 538 2700 20,
574 2658 633 2700 503
674 2660 703 2700 c)
746 2657 863 2691 XXIV
900 2659 939 2701 8;
975 2658 1014 2700 d)
1042 2658 1110 2691 XX
1135 2660 1196 2701 293
1239 2658 1363 2692 XXIII
1399 2662 1437 2701 4;
1475 2661 1583 2703 epigr.
1620 2661 1657 2694 11
1681 2663 1719 2703 33
1745 2662 1796 2695 IV
1834 2663 1898 2704 173

98 2718 150 2750 VI
175 2719 207 2759 1,
232 2719 264 2750 3.

214 2774 243 2821 3)
269 2775 321 2809 Cf.
346 2775 369 2807 1.
395 2786 423 2808 c.
450 2774 465 2807 1
490 2786 522 2818 p.
550 2776 616 2808 144
642 2785 694 2818 sq.

214 2831 245 2878 ⁴)
271 2832 323 2865 Of.
348 2844 381 2875 p.
409 2835 429 2865 6
454 2843 517 2875 ΒΨ,
543 2834 576 2874 9,
593 2834 648 2865 21.

215 2889 243 2936 ⁵)
270 2890 324 2923 Cf.
347 2890 503 2923 Kaibelii
528 2889 744 2923 ‘observatu
771 2891 845 2923 crit.
870 2891 909 2923 in
935 2890 1113 2934 antholog.
1134 2890 1271 2924 Graec!
1300 2892 1337 2924 in
1379 2896 1579 2926 commentt.
1605 2893 1727 2936 philol.
1753 2894 1790 2926 in
1814 2893 1896 2927 hon.

94 2947 304 2981 Mommseni
328 2949 546 2998 conscriptis,
572 2959 604 2991 p.
633 2950 710 2982 327.
