2051 3336
677 681 961 751 CAPUT
1003 669 1371 749 PRIMUM.

187 789 233 858 ⁴c
278 802 424 874 modo
476 803 669 874 dactyli
717 808 767 857 et
813 802 1022 874 spondei
1056 818 1159 873 -per
1206 801 1438 873 singulos
1479 816 1728 855 versuum
1773 799 1925 873 pedes

183 903 185 905 ’
824 882 1224 938 distribuantur?

242 1011 343 1061 Cum
379 1014 514 1064 magni
544 1014 585 1052 in
617 1026 860 1065 unoquoque
892 1012 1067 1051 carmine
1109 1012 1161 1050 sit
1190 1012 1396 1059 momenti,
1433 1017 1481 1059 ut
1508 1024 1597 1049 cum
1641 1010 1773 1058 rebus,
1819 1024 1924 1062 quae

121 1069 360 1132 tractantur,
398 1084 488 1136 ipsa
525 1096 781 1122 numerorum
813 1083 1028 1121 conveniat
1058 1082 1174 1129 ratio,
1214 1083 1335 1120 etiam
1371 1082 1441 1133 qui
1471 1094 1591 1119 versu
1627 1079 1788 1119 heroico
1832 1093 1926 1119 con-

127 1149 277 1204 debant
307 1153 490 1191 'carmina
531 1158 676 1204 poetae
719 1166 882 1205 operam
925 1151 1133 1199 dederunt,
1176 1157 1221 1189 ut
1262 1149 1381 1190 modo
1428 1149 1761 1198 accelerarentur,
1805 1148 1924 1189 modo

121 1208 427 1278 :retardarentur
456 1235 644 1260 versuum
666 1223 913 1273 singulorum
934 1221 1101 1259 numeri.
1136 1233 1238 1271 quae
1269 1234 1331 1259 res
1361 1219 1439 1259 nisi
1460 1218 1697 1259 observatur
1727 1233 1752 1258 a
1781 1220 1924 1272 poetis,

121 1295 263 1340 *sersus
282 1278 444 1338 eorum,
489 1291 563 1329 etsi
599 1290 760 1329 rotundi
801 1296 895 1329 sunt
936 1296 977 1329 et
1018 1289 1224 1341 elegantes
1265 1288 1393 1327 veluti
1436 1288 1586 1337 Nonni‚
1638 1293 1773 1327 tamen
1818 1290 1926 1327 omni

69 1390 72 1392 -
121 1352 331 1402 varietate,
354 1366 535 1399 carentes
566 1374 660 1399 mox
689 1359 916 1412 legentibus
943 1358 1122 1398 taedium
1150 1357 1350 1399 adferunt.
1384 1358 1633 1410 praeclaram
1654 1363 1789 1397 autem
1812 1358 1926 1397 illam

58 1412 313 1479 Jssfv‘ersuum
333 1414 639 1470 Homericorum
667 1430 751 1468 vim
782 1435 1017 1481 gratamque
1048 1440 1187 1467 eorum
1215 1428 1454 1466 varietatem
1485 1426 1640 1466 duabus
1670 1428 1923 1479 potissimum

61 1494 247 1549 ‚frabus
283 1496 400 1548 effici,
443 1498 618 1537 caesuris
664 1497 752 1537 dico
790 1503 887 1551 apte
917 1497 1108 1536 adhibitis
1148 1496 1474 1549 atque'dactylis
1517 1502 1557 1534 et
1587 1496 1779 1548 spondeis
1821 1497 1926 1536 bene

86 1555 103 1561 Α
120 1564 344 1621 dispositis,
396 1568 466 1619 qui
497 1568 721 1606 accuratius
750 1567 855 1608 hanc
897 1580 983 1606 rem
1021 1561 1259 1619 inspexerit,
1310 1566 1430 1605 facile
1460 1566 1690 1617 intelleget3
1742 1581 1837 1605 nam
1888 1576 1928 1606 et

61 1690 70 1695 ss
120 1622 304 1691 caesuris
335 1642 375 1676 et
405 1636 594 1690 spondeis
623 1637 780 1677 numeri
810 1636 1007 1677 retardari
1050 1642 1219 1689 possunt
1249 1649 1369 1689 quam
1399 1637 1589 1679 maxime.
1633 1635 1705 1675 sed
1736 1638 1926 1689 quoniam

69 1696 177 1760 4305
197 1706 372 1746 caesuris
394 1707 526 1760 capite
555 1706 675 1746 huius
698 1707 942 1759 quaestionis
973 1707 1097 1746 altero
1119 1707 1343 1746 accuratius
1364 1705 1562 1746 disserere
1584 1706 1693 1745 mihi
1724 1707 1766 1745 in
1789 1708 1925 1746 animo

61 1772 199 1828 kent,
230 1775 307 1815 hoc
336 1776 469 1829 capite
499 1777 696 1815 rationem
727 1782 898 1826 tantum,
942 1790 1022 1829 qua
1052 1776 1296 1815 Theocritus
1338 1789 1433 1814 usus
1477 1781 1538 1814 est
1579 1776 1621 1814 in
1667 1774 1841 1828 dactylis
1887 1784 1927 1815 et.

66 1832 315 1900 „fs-pondeis
364 1845 637 1898 disponendis,
689 1836 914 1885 describere
965 1845 1149 1884 conabor.
1216 1837 1283 1884 ac¹
1316 1846 1480 1897 priore
1531 1843 1728 1896 quidem
1781 1845 1926 1885 huius

64 1904 301 1967 Ϊζᾷρίιίε
330 1922 472 1967 parte
505 1916 577 1970 (1),
624 1929 741 1968 quas
771 1916 820 1955 in
850 1916 1130 1955 universum
1160 1914 1435 1954 hexametri
1465 1915 1646 1954 formas
1678 1901 1926 1967 quotiens—

68 1972 215 2039 [Nque
244 1982 526 2042 adhibuerit
556 1985 853 2032 Theocritus
885 1991 932 2025 et
962 1984 1088 2037 quod
1118 1984 1207 2024 hac
1244 1986 1293 2024 in
1322 1997 1372 2024 re
1403 1984 1535 2032 inter
1577 1997 1682 2024 eum
1713 1990 1925 2025 ceteros-

61 2043 215 2114 {jsque
243 2059 416 2107 poetas
446 2053 722 2094 intercedat
751 2054 1038 2101 discrimen,
1070 2054 1389 2107 expositurus
1420 2066 1537 2102 sum;
1570 2060 1712 2106 parte
1744 2054 1926 2094 deinde

116 2114 282 2180 altera
313 2120 393 2179 (II)
426 2122 481 2163 de
512 2123 835 2175 spondeorum
868 2123 915 2162 in
937 2123 1149 2176 singulis
1181 2136 1351 2162 versus
1383 2122 1583 2161 sedibus
1615 2136 1701 2161 usu
1723 2125 1926 2176 proprio

122 2186 402 2246 disputabo.

1004 2297 1041 2338 Ι.

148 2393 158 2396 ”
213 2397 341 2447 „Cum
363 2412 411 2456 ea
431 2400 472 2437 in
494 2413 614 2446 versu
635 2399 796 2441 heroico
818 2400 887 2441 lex
914 2400 1065 2453 valeat,
1095 2405 1141 2439 ut
1160 2399 1203 2439 in
1223 2413 1468 2453 unaquaque
1499 2400 1595 2439 sede
1616 2399 1770 2451 dactyli
1800 2399 1927 2441 thesis

183 2481 332 2516 {unam
376 2469 540 2520 longam
584 2470 675 2520 cogi
709 2470 839 2521 possit
881 2469 1097 2522 syllabam,
1143 2471 1311 2521 triginta
1354 2470 1458 2509 duae
1503 2470 1730 2510 hexametri
1771 2470 1927 2510 formae

210 2525 264 2590 ’ῥ’
292 2537 533 2594 efficiuntur.
585 2533 753 2589 quarum
784 2538 1055 2591 frequentiam
1097 2519 1206 2592 apud
1236 2538 1415 2592 singulos
1445 2544 1588 2592 poetas
1631 2552 1713 2579 non
1757 2538 1927 2580 eandem

241 2605 402 2663 prorsus
434 2602 746 2646 consentaneum
777 2613 851 2646 est.
881 2607 924 2647 in
957 2607 1155 2660 eligendis
1201 2607 1309 2648 enim
1352 2607 1414 2647 his
1444 2608 1581 2648 formis
1612 2614 1757 2662 poetae
1802 2610 1927 2649 variis

243 2666 374 2735 ‘antur
405 2668 548 2718 causis.
587 2690 756 2729 quarum
784 2677 915 2728 prima
959 2678 1002 2718 in
1033 2678 1123 2730 ipsa
1152 2677 1403 2730 singularum
1433 2678 1650 2719 formarum
1679 2684 1824 2718 natura
1867 2678 1927 2718 in·

306 2736 316 2740 Ἴ
350 2759 434 2793 non
454 2742 591 2792 omnes
620 2759 760 2804 parem
786 2759 885 2799 prae
916 2760 960 2787 se
990 2747 1124 2787 ferant
1144 2748 1388 2788 suavitatem
1419 2753 1460 2788 et
1481 2747 1746 2801 elegantiam3
1780 2747 1927 2789 deinde

321 2813 400 2855 hac
427 2816 471 2855 in
500 2829 544 2855 re
573 2817 779 2865 sermonis,
812 2830 892 2868 quo
922 2830 1063 2858 versus
1093 2824 1337 2870 panguntur,
1381 2818 1492 2858 valet
1528 2818 1700 2867 indoles,
1745 2818 1787 2857 id
1818 2819 1926 2871 quod
