2051 3336
43 1345 66 1366 ²³
92 1361 119 1367 ¹>
156 1351 392 1392 gin-univers.
417 1354 454 1385 in
479 1364 529 1386 cc.
555 1354 634 1387 buc.
669 1369 685 1387 *.
712 1368 726 1387 .·
746 1380 754 1387 .

1883 35 1937 73 47

132 170 208 209 par
237 157 322 195 fere
353 162 413 194 est
442 156 649 209 utriusque
680 171 871 196 caesurae
908 158 1140 210 frequentia
1152 158 1205 208 ¹);
1246 173 1293 197 ac
1324 159 1525 198 iucundae
1556 160 1777 207 varietatis,
1819 173 1940 212 quam

133 221 444 264 in'carminibus
467 225 547 263 illis
569 226 824 275 admiramur,
842 227 1100 279 aliquantum
1121 228 1226 267 haud
1251 228 1372 267 dubie
1394 229 1515 267 etiam
1537 227 1612 266 11εο
1643 241 1693 267 ex
1712 242 1756 267 re
1779 229 1940 267 videtur

135 307 221 333 esse
262 293 538 345 repetendum.
590 295 631 333 in
669 296 912 335 carminibus
956 284 1090 334 autem
1130 298 1393 348 posteriorum
1439 303 1660 349 poetarum,
1705 298 1773 348 qui
1812 299 1938 349 magis

135 362 352 401 studebant
382 376 568 402 versuum
598 363 858 413 volubilitati,
890 365 1033 403 incisio
1063 366 1174 404 tertii
1200 365 1315 418 pedis
1336 366 1543 405 trochaica
1573 366 1701 417 magis
1732 366 1939 418 magisque

132 445 209 471 usu
239 432 413 471 obtinuit
448 439 488 472 et
517 434 663 473 Nonno
703 435 761 472 ita
796 436 963 488 placuit,
1008 440 1052 473 ut
1095 436 1273 488 quinque
1310 442 1445 489 partes
1478 436 1669 483 omnium,
1715 448 1814 486 quos
1849 448 1938 474 con-

134 502 306 554 scripsit,
336 515 525 542 versuum
554 503 631 544 hac
662 518 829 545 caesura
860 504 1101 552 distinxerit,
1134 518 1256 543 unam
1287 511 1444 544 tantum
1474 505 1777 557 semiquinaria.

248 572 336 611 Iam
366 573 589 624 videamus,
622 589 743 628 quam
772 575 971 615 rationem
1002 580 1161 613 secutus
1192 576 1243 613 sit
1270 575 1521 616 Theocritus.
1556 589 1637 626 qua
1669 575 1709 612 in
1743 587 1788 612 re
1819 574 1939 625 aptis·

134 640 281 679 simum
311 642 499 694 equidem
530 657 616 685 esse
637 650 734 696 puto
755 643 937 682 tabulam
965 656 1203 695 proponere,
1236 643 1342 682 unde
1374 650 1414 682 et
1434 645 1662 696 frequentia
1684 656 1938 682 caesurarum

133 716 176 749 et
212 724 330 763 quem
369 711 420 749 ad
457 712 619 752 modum
665 712 853 752 differant
894 713 999 752 inter
1041 726 1083 752 se
1126 727 1202 752 usu
1245 713 1484 752 incisionum
1526 712 1641 765 pedis
1677 713 1785 751 tertii
1824 712 1939 750 varia

137 792 287 829 genera
339 773 562 820 carminum
605 782 937 821 Theocriteorum
980 783 1167 833 cognosci
1209 783 1347 833 possit.
1390 783 1432 820 in
1475 782 1599 834 edyll.
1638 794 1734 820 vero
1777 782 1937 833 generis

134 847 313 888 bucolici
342 850 449 889 haud
482 852 658 892 alienum
689 853 766 892 erit
790 867 857 893 eos
888 865 1040 900 versus,
1074 852 1218 904 quibus
1249 852 1408 890 cantica
1427 852 1647 903 pastoralia
1668 851 1933 891 eontinentur.

139 931 165 955 a
196 919 337 957 ceteris
368 920 610 976 separare2).
644 928 784 961 extant
813 923 953 974 igitur:

284 1088 479 1120 carminum
504 1099 650 1132 genera:
908 1098 1018 1121 caess.
1045 1089 1235 1130 semiquin.
1404 1098 1514 1120 caess.
1538 1088 1633 1120 tertii
1657 1087 1737 1130 ped.
1763 1086 1873 1119 troch-

815 1239 882 1272 232
907 1239 966 1272 vel
991 1239 1069 1272 53·1
1095 1239 1132 1271 in
1157 1241 1248 1271 cent.
1273 1248 1328 1270 vv.
1405 1238 1473 1271 204
1497 1237 1554 1271 vel
1579 1239 1659 1271 46⁸1
1676 1238 1714 1270 in
1732 1240 1822 1270 cent.
1839 1245 1895 1268 vv,

814 1298 882 1328 203
925 1320 940 1335 „
991 1298 1072 1328 404
1108 1320 1124 1335 ,,
1194 1321 1207 1332 „
1294 1320 1310 1334 „
1405 1298 1474 1328 234
1515 1319 1531 1335 „
1582 1298 1661 1328 53·2
1690 1320 1706 1334 „
1772 1320 1788 1335 „
1857 1319 1873 1334 „

816 1355 884 1387 435
928 1379 942 1392 ,,
994 1355 1074 1386 49·7
1109 1378 1125 1393 „
1195 1377 1211 1393 ,,
1294 1378 1310 1392 ,,
1404 1355 1473 1387 438
1516 1378 1531 1392 „
1582 1355 1663 1386 49·9
1691 1378 1707 1394 ,,
1771 1378 1788 1394 ,,

814 1435 1122 1474 212,47-8,.
1193 1459 1208 1473 ,,
1293 1458 1308 1474 ,,
1404 1435 1706 1473 231,52-2,,
1771 1458 1787 1473 „
1856 1439 1920 1484 „1

179 1235 216 1268 in
241 1237 389 1271 canticis
421 1263 429 1271 .
459 1239 474 1325 }
526 1239 720 1272 carminum

178 1294 216 1324 in
240 1297 320 1325 cett.
345 1305 402 1326 vv.
422 1319 430 1326 .
592 1297 671 1328 buc.

178 1434 216 1465 in
240 1444 290 1466 cc.
315 1434 400 1466 mim
403 1459 753 1467 ...........

179 1516 217 1546 in
241 1526 291 1547 cc.
318 1517 425 1558 epicis
468 1542 753 1549 .........
813 1518 881 1548 300
923 1540 939 1555 „
990 1516 1069 1548 28·3
1106 1540 1122 1554 „
1192 1540 1207 1554 „
1293 1541 1309 1554 „
1405 1518 1471 1548 756
1514 1540 1530 1555 „
1583 1518 1661 1548 715
1689 1540 1705 1554 „
1771 1540 1786 1553 „
1858 1540 1874 1555 „

814 1599 881 1630 947
926 1622 941 1637 „
992 1598 1071 1629 41·9
1107 1620 1123 1636 „
1192 1621 1207 1636 „
1294 1621 1308 1635 „
1384 1598 1472 1630 1425
1518 1622 1533 1635 ,
1585 1599 1664 1629 570
1692 1621 1708 1637 „
1775 1622 1790 1636 ,,
1859 1623 1875 1638 ,,
1919 1594 1922 1624 ῑ

816 1680 882 1710 117
925 1703 941 1718 „
992 1679 1071 1709 4o·9
1109 1702 1125 1718 „
1194 1702 1208 1717 „
1295 1702 1310 1717 „
1406 1681 1472 1711 167
1517 1704 1533 1719 „
1585 1680 1664 1712 58=s
1694 1704 1709 1719 „

179 1596 216 1628 in
242 1598 372 1629 omnib.
398 1597 545 1631 Theocr.
571 1609 620 1630 00.
646 1608 724 1639 gen.
746 1623 753 1630 .

179 1677 217 1708 in
242 1687 291 1709 cc.
318 1677 400 1709 dub.
433 1702 754 1711 ..........

250 1811 400 1850 Versus
445 1812 598 1850 nullam
640 1813 680 1850 in
712 1812 816 1865 pede
859 1813 977 1851 tertio
1017 1825 1223 1851 caesuram
1263 1811 1499 1850 exhibentes
1539 1826 1662 1864 supra
1694 1812 1834 1851 adtuli.
1888 1827 1938 1852 ex

134 1880 294 1920 tabellis
326 1888 459 1920 autem
490 1884 706 1935 propositis
736 1883 865 1934 primo
896 1883 1037 1921 obtutu
1066 1883 1342 1934 unusquisque
1372 1895 1614 1934 cognoscere
1644 1889 1776 1934 potest
1806 1883 1937 1922 Theo-

134 1951 289 1999 critum,
323 1951 358 1990 si
387 1952 503 2004 pedis
532 1952 643 1991 tertii
674 1964 859 1991 caesuras
890 1957 1060 2004 spectas,
1093 1965 1349 2004 nequaquam
1381 1951 1521 1990 eadem
1554 1952 1708 1990 ratione
1739 1953 1780 1990 in
1811 1954 1936 1990 variis

136 2022 357 2059 carminum
379 2021 595 2073 generibus
615 2036 730 2060 usum
753 2034 857 2070 esse3
890 2035 937 2059 ac
956 2022 1133 2059 maxime
1164 2022 1269 2059 inter
1299 2034 1342 2060 se
1369 2021 1557 2060 differunt
1579 2022 1733 2074 edyllia
1753 2022 1938 2061 bucolica

133 2096 173 2129 et
204 2091 332 2142 epica.
377 2091 420 2128 in
451 2091 532 2129 illis
563 2092 670 2130 enim
700 2092 741 2129 in
775 2092 1008 2130 universum
1039 2092 1246 2142 utriusque
1277 2091 1482 2129 incisionis
1513 2091 1628 2142 pedis
1658 2092 1767 2130 tertii
1798 2091 1938 2130 eadem

134 2165 194 2198 est
221 2160 470 2213 frequentia3
504 2161 750 2199 canticorum
772 2167 906 2200 autem
934 2160 1360 2213 pastoraliumlversus
1382 2173 1589 2198 caesuram
1611 2160 1937 2212 semiquinariam

132 2228 201 2267 vel
232 2229 441 2285 aliquanto
473 2230 631 2282 saepius
663 2229 878 2269 ostendunt
913 2243 1033 2283 quam
1064 2229 1326 2278 trochaicam;
1370 2230 1413 2267 in
1452 2229 1594 2268 ceteris
1625 2229 1806 2268 versibus
1836 2229 1937 2268 haec

133 2298 256 2350 paulo
295 2305 354 2337 est
389 2298 695 2353 frequentiorss).
747 2299 908 2351 singula
939 2306 1073 2338 autem
1104 2299 1284 2337 carmina
1319 2298 1504 2337 bucolica
1536 2299 1570 2336 si
1599 2299 1846 2350 respicimus,
1895 2300 1935 2336 in

131 2367 271 2419 primis
301 2367 343 2404 in
375 2367 532 2406 duobus
562 2368 873 2420 semiquinariae
894 2368 1098 2406 incisionis
1119 2368 1348 2419 frequentia
1378 2368 1506 2405 maior
1537 2372 1597 2405 est
1623 2381 1743 2418 quam
1763 2367 1934 2405 trochai-

132 2449 217 2484 cae,
251 2435 339 2474 dico
370 2437 550 2474 carmina
578 2436 613 2474 Ι.
647 2443 687 2474 et
716 2437 848 2485 VIII„
882 2450 1050 2488 quorum
1080 2436 1182 2474 illud
1215 2436 1418 2474 LXXXV
1447 2449 1585 2474 versus
1617 2449 1782 2474 caesura
1813 2436 1931 2474 semi-

134 2505 331 2556 quinaria,
363 2503 526 2543 LXVII
554 2505 758 2544 trochaica
792 2505 908 2557 pedis
944 2506 1052 2543 tertii
1090 2504 1213 2543 habet
1248 2506 1405 2552 incisos,
1449 2504 1526 2542 hoc
1555 2505 1597 2542 in
1628 2518 1695 2544 vv.
1728 2504 1786 2542 LI
1817 2505 1933 2543 semi-

131 2574 355 2625 quinariam
399 2572 576 2622 exhibet,
620 2574 662 2611 in
691 2574 863 2612 XXVII
898 2574 1156 2612 trochaicam.
1202 2579 1339 2611 contra
1382 2573 1556 2611 maxime
1593 2579 1759 2625 superat
1790 2575 1933 2612 incisio

249 2701 275 2744 1)
301 2700 355 2733 Cf.
379 2700 513 2732 Hartel.
538 2694 638 2742 1'83,
663 2701 725 2741 943
750 2699 903 2732 Bekker.
929 2699 953 2731 l.
980 2710 1009 2731 0.
1034 2699 1052 2730 1
1077 2700 1155 2731 144.

250 2757 278 2802 ²)
304 2758 358 2791 Cf.
384 2769 418 2802 p.
446 2759 488 2791 10
513 2768 564 2801 sq.

249 2817 275 2860 3)
300 2816 406 2860 Apud
425 2808 625 2857 Homerum,
643 2826 785 2860 quoque
816 2824 963 2849 caesura
985 2815 1167 2848 trochaica
1189 2814 1296 2858 paulo
1322 2816 1463 2858 saepius
1496 2817 1669 2859 reperitur
1693 2826 1801 2858 quam
1832 2815 1935 2848 semi-

130 2865 318 2917 quinaria,
333 2874 372 2907 in
396 2874 552 2907 centenis
578 2874 671 2907 enim
694 2873 857 2907 versibus
881 2874 984 2907 5293
1007 2872 1108 2906 illam
1132 2873 1315 2915 exhibent3
1341 2873 1386 2905 cf.
1411 2873 1547 2906 Hartel.
1573 2874 1591 2906 I
1615 2874 1670 2906 83.
