2051 3341
115 83 168 120 54

114 208 275 259 quidem
324 208 432 260 apud
465 209 686 247 Homerum
726 222 886 261 quoque
924 209 1106 261 aliosque
1142 215 1281 261 poetas
1312 211 1352 248 in
1385 211 1463 249 fine
1494 211 1611 263 pedis
1642 213 1773 263 quarti
1803 213 1923 250 inter·
1984 195 2051 243 ³5³3*

113 278 330 330 pungitur;
363 277 435 317 sed
466 278 709 317 Theocritus
740 280 780 315 in
813 277 968 317 duobus
1000 278 1082 317 illis
1113 280 1332 317 carminum
1364 279 1578 330 generibus
1611 281 1733 319 etiam
1762 281 1923 333 saepius

114 361 138 385 a
180 346 285 400 pede
329 348 469 400 quinto
512 361 657 386 novam
700 347 878 400 incipere
921 346 1022 386 solet
1064 345 1364 402 sententiam1).
1414 348 1608 389 exhibent
1652 351 1757 389 enim
1802 351 1922 390 inter-

115 418 376 470 punctionem
413 418 455 456 in
494 430 658 456 caesura
694 416 893 455 bucolica:
938 414 980 470 a)
1026 416 1068 454 in
1112 416 1275 469 edylliis
1313 417 1445 456 bucol.
1479 431 1529 456 ex
1560 432 1628 457 vv.
1661 418 1921 459 DCXLVIII

115 486 192 525 hac
243 501 407 527 caesura
457 486 650 539 praeditis
703 500 770 525 vv.
818 484 885 524 CC
928 486 996 524 vel
1040 488 1091 526 31
1112 484 1162 541 ΟΛ)
1216 486 1422 534 (leniorem
1476 485 1646 541 CXVII,
1697 489 1921 540 graviorem

117 556 388 612 LXXXIII);
444 555 481 611 b)
524 557 565 594 in
609 555 735 608 edyll.
776 557 882 594 mim.
924 569 974 595 ex
1017 570 1087 596 vv.
1121 555 1290 595 CCLXI
1334 571 1400 595 vv.
1439 557 1600 596 LXXV
1644 559 1711 596 vel
1756 557 1852 597 287
1871 557 1920 613 ΟΛ)

117 625 328 682 (leniorem
368 626 436 673 LI,
480 626 708 677 graviorem
752 625 940 679 XXIV);
987 624 1027 680 c)
1074 626 1115 664 in
1161 625 1285 678 edyll.
1326 639 1389 678 ep.
1430 639 1479 665 ex
1523 640 1589 667 vv.
1622 626 1816 665 DXXIII
1857 641 1922 666 vv.

117 695 301 735 LXVIII
332 695 396 733 vel
431 696 482 733 13
500 692 550 748 ΟΛ)
586 692 797 749 (leniorem
828 696 874 743 L,
914 695 1140 746 graviorem
1171 694 1359 750 XVIII);
1401 692 1441 749 d)
1486 696 1526 733 in
1559 709 1615 734 cc.
1645 695 1739 736 dub.
1775 710 1823 735 ex
1856 710 1922 736 vv.

117 763 249 803 CXCI
278 778 345 802 vv.
379 763 542 802 LXXII
573 764 640 802 vel
673 766 770 802 377
787 764 837 815 ΟΛ)
872 762 1082 818 (leniorem
1112 763 1247 811 XLII,
1278 764 1505 815 graviorem
1536 762 1698 820 XXX).

231 834 343 872 Inter
373 845 512 872 versus
557 839 689 872 autem
734 834 982 872 canticorum
1025 833 1288 886 pastoralium
1332 839 1372 872 et
1412 839 1562 874 ceteros
1593 834 1848 874 hexametros
1879 836 1921 874 in'

120 916 176 944 cc.
210 903 341 942 bucol.
375 903 536 941 maioris
568 903 757 941 momenti
791 902 1006 942 discrimen
1033 903 1110 940 hac
1140 904 1182 940 in
1218 917 1262 941 re
1298 917 1377 941 non
1417 903 1664 952 observatur,
1709 905 1786 942 nisi
1818 904 1925 956 quod

121 972 162 1009 in
195 970 393 1023 versibus,
427 971 571 1023 quibus
611 971 677 1009 vel
720 971 985 1024 conlocuntur
1026 972 1131 1010 inter
1161 984 1204 1010 se
1234 977 1414 1023 pastores
1445 972 1512 1010 vel
1543 978 1727 1011 narratur
1758 973 1923 1026 aliquid,

122 1042 244 1079 etiam
275 1041 396 1093 paulo
428 1041 589 1093 saepius
621 1054 787 1080 caesura
817 1040 1001 1080 bucolica
1031 1041 1354 1092 interpunctione
1382 1041 1596 1080 adiuvatur
1627 1056 1745 1094 quam
1766 1043 1807 1081 in
1829 1044 1926 1095 ipsis

118 1111 363 1150 canticorum
395 1110 590 1149 versibus.
624 1111 921 1163 interpungitur
953 1111 1059 1149 enim
1091 1111 1132 1149 in
1165 1123 1330 1150 caesura
1372 1109 1574 1150 bucolica:
1619 1109 1669 1165 a)
1713 1111 1816 1150 inter
1856 1126 1923 1151 vv,

125 1180 357 1221 CCCXXH
397 1182 640 1220 canticorum
679 1181 940 1233 pastoralium
979 1180 1057 1220 hac
1094 1194 1258 1221 caesura
1287 1181 1501 1220 instructos
1532 1182 1573 1220 in
1605 1195 1672 1222 vv.
1716 1179 1817 1220 XCI
1859 1182 1926 1221 vel

122 1253 219 1291 28·2
239 1248 290 1306 ΟΛ)
325 1249 474 1305 (lenius
504 1251 547 1288 in
574 1250 683 1297 LVI,
706 1250 869 1302 gravius
900 1251 941 1288 in
961 1247 1171 1305 XXXV);
1203 1248 1251 1305 β)
1284 1251 1324 1289 iu
1357 1264 1426 1290 vv.
1460 1263 1516 1288 cc.
1538 1249 1667 1289 bucol.
1691 1251 1833 1289 ceteris
1863 1252 1921 1289 in-

119 1327 180 1359 ter
210 1321 463 1359 hexametros
491 1318 743 1359 CCCXXVI
765 1333 929 1359 caesura
949 1320 1132 1373 bucolica
1161 1319 1364 1372 praeditos
1386 1320 1427 1359 in
1452 1334 1519 1361 vv.
1546 1320 1645 1360 CIX
1667 1320 1734 1359 vel
1764 1322 1860 1360 33·4
1872 1318 1923 1376 ΟΛ)
1989 1348 2002 1353 -

121 1390 268 1439 (lenius
299 1390 339 1428 in
371 1389 484 1441 LXI,
518 1389 682 1441 gravius
713 1389 754 1428 in
785 1387 1002 1444 XLVIII).

236 1458 392 1507 Quibus
425 1472 476 1497 ex
507 1459 683 1497 numeris
714 1460 811 1497 satis
843 1458 1012 1511 adparet
1043 1459 1287 1498 canticorum
1315 1459 1577 1511 pastoralium
1606 1459 1860 1498 hexametros
1883 1465 1923 1498 et

116 1535 267 1569 ceteros
298 1541 437 1567 versus
469 1529 510 1567 in
542 1527 706 1581 edylliis
737 1528 884 1577 bucol„
919 1529 1006 1568 sive
1037 1529 1162 1568 solam
1192 1528 1461 1580 frequentiam
1494 1541 1684 1567 caesurae
1715 1527 1922 1568 bucolicae

119 1601 206 1640 sive
250 1598 617 1651 interpunctionum
655 1599 697 1636 in
739 1598 815 1636 hac
859 1598 1318 1650 positarum»numerum
1364 1604 1604 1650 spectamus,
1643 1597 1752 1650 apud
1784 1598 1920 1638 Theo-

120 1671 263 1709 critum
308 1667 470 1721 quidem
513 1667 622 1706 haud
667 1667 724 1707 ita
766 1667 938 1707 multum
981 1668 1086 1706 inter
1127 1681 1169 1707 se
1212 1667 1385 1710 differre.
1428 1681 1682 1721 nequaquam
1719 1673 1851 1707 autem
1882 1668 1922 1707 in

117 1745 326 1793 pastorum
369 1737 582 1776 cantilenis
627 1738 877 1790 frequentior
920 1744 980 1777 est
1023 1738 1093 1776 illa
1130 1750 1296 1777 caesura
1332 1751 1452 1790 quam
1491 1738 1533 1777 in
1564 1739 1706 1777 ceteris
1737 1738 1920 1778 versibus

118 1810 338 1849 carminum
380 1807 540 1859 generis
584 1806 714 1847 bucol.
764 1821 868 1860 quae
906 1821 992 1846 cum
1034 1808 1090 1846 ita
1127 1807 1219 1855 sint,
1263 1808 1479 1859 impetrare
1516 1821 1540 1846 a
1570 1821 1634 1846 me
1664 1820 1836 1859 nequeo,
1876 1814 1921 1846 ut

117 1875 418 1932 Westphali02)
451 1876 670 1925 adsentiar,
704 1877 785 1928 qui,
819 1889 908 1914 cum
940 1875 990 1915 de
1021 1877 1263 1916 hexametris
1295 1876 1436 1929 cycliis
1459 1877 1637 1928 exponit,
1671 1882 1714 1914 ut
1734 1875 1918 1915 ostendat

116 1949 237 1987 aliam
270 1960 355 1986 esse
385 1952 571 1985 naturam
602 1959 804 1994 versuum,
844 1947 912 1998 qui
944 1946 1080 1985 insunt
1110 1946 1151 1984 in
1184 1945 1360 1999 canticis,
1394 1945 1514 1984 aliam
1546 1951 1766 1985 ceterorum
1797 1944 1918 1984 hexa-

117 2024 332 2057 metrorum
364 2017 407 2054 in
440 2015 602 2068 edylliis
632 2003 779 2063 bucol„
817 2015 925 2054 hunc
955 2016 997 2054 in
1029 2015 1190 2055 modum
1222 2021 1542 2066 argumentatur:
1581 2014 1799 2067 ‘Kykliseh
1831 2016 1920 2055 sind

117 2089 257 2126 ferner
288 2086 353 2124 die
384 2083 633 2124 Hexameter
664 2085 735 2123 der
768 2085 992 2124 Bukoliker
1029 2099 1080 2124 an
1112 2085 1190 2123 den
1222 2084 1475 2123 zahlreichen
1508 2083 1674 2132 Stellen,
1718 2085 1759 2122 in
1793 2085 1922 2123 denen

120 2157 308 2208 Gesange
340 2154 547 2195 enthalten
569 2154 671 2193 sind.
704 2155 864 2193 Darauf
881 2155 994 2194 weist
1015 2154 1188 2193 namlich
1212 2153 1276 2193 die
1308 2153 1487 2205 gerade
1519 2155 1565 2192 in
1598 2153 1765 2193 diesen
1789 2154 1921 2206 Sing-

116 2227 313 2279 partien
351 2223 776 2263 vorherrschende
807 2222 960 2263 Casur
997 2224 1119 2263 nach
1159 2223 1260 2263 dem
1292 2225 1485 2263 vierten
1518 2224 1667 2276 Fusse
1671 2252 1921 2266 ........

118 2294 343 2334 Besonders
364 2293 643 2332 bezeichnend
665 2295 717 2332 ist
739 2307 779 2332 es
801 2293 933 2342 dabei,
964 2294 1053 2332 dass
1076 2293 1211 2332 diese
1233 2293 1384 2332 Casur
1413 2295 1458 2331 in
1482 2293 1572 2331 den
1594 2293 1923 2333 erzahlenden

115 2364 307 2420 Stellen
353 2363 435 2402 der
474 2362 750 2402 Bukoliker
793 2362 929 2401 nicht
970 2363 1196 2415 haufiger
1238 2363 1322 2416 ist,
1365 2362 1526 2401 als.in
1573 2361 1656 2400 der
1694 2362 1923 2415 epischen

115 2431 317 2474 Poesie!
352 2440 458 2473 certe
504 2434 546 2472 in
589 2433 796 2473 Theocriti
829 2447 886 2473 cc.
931 2432 1062 2472 bucol.
1106 2434 1210 2472 inter
1251 2433 1329 2472 duo
1362 2433 1444 2480 illa,
1495 2432 1544 2471 de
1589 2432 1733 2484 quibus
1777 2423 1920 2485 agitur,

115 2516 302 2544 versuum
348 2516 501 2557 genera
548 2502 632 2543 eius
675 2502 783 2542 modi
822 2501 1036 2543 discrimen
1074 2515 1154 2542 non
1198 2501 1460 2556 conspicitur;
1505 2515 1637 2579 neque
1675 2501 1923 2556 dactylorum

116 2574 467 2625 spondeorumque
500 2587 575 2611 usu
607 2586 654 2612 ea
685 2574 790 2612 inter
819 2586 863 2610 se
894 2571 1138 2616 differunt-³).

233 2643 299 2682 De
316 2643 420 2682 intel
423 2641 736 2695 punctionibus
725 2656 764 2681 1n
790 2655 955 2682 caesura
976 2641 1158 2682 bucolica
1171 2642 1310 2695 positis
1329 2655 1417 2681 cum
1433 2655 1644 2696 exponam,
1654 2643 1804 2682 mentio
1826 2641 1922 2682 mihi

113 2711 304 2752 facienda
335 2726 421 2752 esse
452 2712 612 2751 videtur
643 2726 778 2752 eorum
810 2726 1010 2764 versuum,
1045 2713 1112 2765 qui
1145 2719 1186 2751 et
1215 2713 1256 2751 in
1287 2713 1395 2751 tertii
1426 2712 1540 2764 pedis
1573 2726 1739 2752 caesura
1770 2712 1919 2750 habent

238 2818 263 2859 1)
289 2817 347 2850 De
372 2825 482 2849 causa
506 2816 610 2849 huius
635 2817 686 2850 rei
711 2816 754 2849 cf.
782 2826 926 2859 quaeso,
953 2826 1044 2859 quae
1070 2817 1217 2859 exposui
1240 2827 1272 2859 p.
1300 2817 1343 2849 45
1370 2819 1404 2849 et
1428 2817 1483 2849 50.

230 2873 256 2916 2)
283 2875 335 2907 Cf.
361 2875 384 2907 1.
412 2884 440 2906 c.
467 2874 503 2906 11
527 2875 594 2906 347
620 2885 671 2917 sq.

232 2932 260 2976 ³)
286 2931 339 2967 cf.
363 2943 398 2975 p.
425 2933 469 2965 10
492 2941 545 2975 sq.
