2051 3336
1010 62 1012 64 ’
994 0 1030 28 (fl

1866 81 1923 119 25

109 201 411 258 mffi'eimilium
424 191 611 247 {ei-suum
625 221 790 246 numero
816 193 925 259 apud
939 193 1216 255 Theocritum,
1233 205 1533 245 concedendum
1556 213 1616 245 est
1629 193 1735 244 hunc
1748 212 1922 258 poetam,

115 267 438 333 ⁴ss--q'tw‘niquam
459 277 510 315 ab
541 277 753 330 Hilberg‘ro
776 277 826 316 de
849 276 1084 324 rationibus,
1107 290 1206 329 quas
1237 277 1279 314 in
1309 276 1431 314 variis
1462 276 1633 328 syllabis
1665 275 1851 313 finalibus
1882 276 1923 313 in

66 347 227 392 thesi
244 346 421 399 spondei
450 346 564 399 pedis
595 348 759 386 alterius
779 346 1022 398 usurpandis
1054 347 1201 397 singuli
1223 351 1369 398 poetae
1401 346 1527 384 secuti
1559 351 1661 393 sunt,
1695 345 1924 396 disputante

63 403 302 472 is-'XPnncip
332 415 406 455 der
426 416 683 467 Silbenwfig„
717 430 756 468 p.
781 416 836 454 97
864 421 904 453 et
929 414 1028 467 129)
1058 416 1100 453 in
1131 416 1366 454 universum
1397 416 1439 453 in
1462 414 1601 453 eodem
1623 427 1771 465 genere
1803 420 1923 465 atque

114 476 318 525 Homerus
340 491 380 525 et
401 486 484 534 alii,
519 487 587 538 qui
616 486 748 533 minus
771 497 934 524 severas
965 483 1041 522 hac
1070 484 1112 522 in
1143 498 1187 523 re
1219 485 1484 523 observarunt
1515 484 1640 534 leges,
1673 484 1837 535 ponitur
1868 505 1922 511 -

57 546 182 595 „ſs2sat
227 560 343 592 caute
386 556 426 593 in
471 554 742 602 admittendis,
786 553 836 591 de
880 552 1026 604 quibus
1057 553 1181 591 verba
1211 554 1322 600 fiunt,
1371 553 1552 591 versibus
1584 558 1787 590 versatum
1820 565 1919 591 esse.

0 668 3 674 ἱ
50 673 56 676 μ’
83 625 86 627 ’
110 609 249 676 ,potest
292 625 399 663 enim
440 624 635 670 molestia,
679 635 797 674 quam
841 622 984 660 incisio
1027 628 1118 673 post
1161 623 1329 660 alterum
1373 622 1593 674 spondeum
1631 628 1759 673 parat,
1799 622 1922 659 variis

103 677 334 732 'rationibus
377 692 560 730 imminui
591 691 657 729 vel
698 691 831 742 potius
862 690 964 732 tolli.
1006 703 1143 729 omnes
1176 690 1335 742 quidem
1365 705 1518 738 versus,
1563 691 1631 742 qui
1664 703 1830 729 caesura
1862 703 1921 728 se-

110 762 347 801 miternaria
377 761 562 799 instructi
592 766 695 808 sunt,
727 761 785 798 ita
816 759 991 811 quidem,
1023 766 1067 797 ut
1096 760 1221 797 thesis
1254 762 1424 811 spondei
1446 762 1486 798 in
1510 761 1604 798 sede
1626 762 1752 798 altera
1772 760 1919 798 vocula

68 831 70 835 ⁴
108 829 312 878 efficiatur
340 827 631 880 monosyllaba,
666 841 769 879 quae
801 841 890 866 cum
913 827 1055 866 verbis
1095 828 1353 879 sequentibus
1392 830 1515 867 artius
1547 829 1761 867 cohaereat
1793 829 1919 876 (velut

0 927 18 949 ,ξ
63 901 73 949 ς’
115 897 219 943 VIII
250 899 303 935 67
334 897 404 937 ταὶ
433 897 585 946 δ’ὄιες,
618 895 718 948 μηδ’
749 897 883 949 ὔμμες
921 896 1083 936 ὀκνεῖθ’
1121 895 1285 944 ἁπαλοῖς
1321 896 1586 949 κορέσασθαι
1624 897 1691 934 vel
1721 897 1802 934 XV
1837 898 1916 934 107

0 954 33 999 31³·
55 971 82 1012 ,Γ
109 964 366 1020 ἀνθρώπων
382 964 440 1014 ὡς
452 968 609 1018 μῦθος,
631 963 835 1017 ἐποίησας
848 965 1115 1018 Βερενίκαν),
1131 965 1391 1016 excipiendos
1414 965 1591 1003 essehoc
1606 965 1692 1003 loco
1707 965 1756 1002 de
1780 966 1918 1016 eisque

55 1065 83 1079 -f
111 1035 211 1077 solis
242 1035 319 1087 agi,
356 1035 424 1086 qui
455 1047 620 1072 caesura
641 1034 918 1071 semiternaria
939 1039 1115 1081 careant,
1147 1035 1227 1072 iam
1249 1048 1370 1085 supra
1390 1034 1672 1072 indicavimus.
1705 1033 1776 1072 sed
1799 1035 1919 1073 etiam

0 1088 61 1139 P:³³2
83 1110 85 1112 ’
111 1118 165 1150 ex
194 1105 312 1144 huius
342 1104 450 1143 modi
480 1104 726 1143 hexametris
757 1103 787 1141 ii
820 1103 944 1142 multo
974 1104 1107 1142 minus
1129 1103 1355 1156 displicent,
1389 1105 1429 1142 in
1452 1104 1597 1156 quibus
1618 1104 1733 1156 pedis
1755 1105 1919 1143 alterius

31 1167 39 1175 ¹
108 1173 316 1227 spondeus
349 1173 503 1212 duobus
535 1173 721 1224 expletur
741 1170 1003 1227 vooabulis1).
1037 1173 1182 1211 deinde
1211 1173 1376 1212 offensio
1407 1180 1491 1212 tota
1521 1175 1605 1212 fere
1635 1174 1789 1212 tollitur
1810 1187 1919 1212 acce—

110 1237 233 1283 dente
265 1243 452 1281 enclitica
482 1243 523 1280 in
554 1242 658 1293 pede
688 1242 808 1280 tertio
840 1241 906 1280 vel
939 1242 1020 1280 alia
1050 1255 1149 1281 voce
1182 1257 1269 1281 cum
1303 1244 1374 1290 eis,
1408 1257 1511 1294 quae
1542 1244 1802 1295 praecedunt,
1835 1250 1919 1281 arte

109 1306 312 1364 copulata.
359 1324 490 1362 neque
532 1311 621 1361 ipsa
658 1309 871 1348 verborum
917 1311 1152 1362 compositio
1189 1313 1305 1362 parvi
1344 1312 1418 1350 hac
1455 1313 1496 1350 in
1535 1326 1578 1350 re
1616 1319 1678 1351 est
1713 1314 1915 1351 momenti.

111 1380 182 1419 ubi
223 1381 329 1419 enim
364 1381 515 1432 primus
552 1380 774 1418 hexametri
803 1377 875 1431 pes
918 1380 1239 1431 interpunctione
1271 1395 1293 1419 a
1325 1381 1586 1432 sequentibus
1631 1388 1839 1434 separatur
1878 1389 1917 1419 et

109 1450 228 1501 quasi
270 1449 501 1500 adiungitur
542 1449 594 1487 ad
632 1462 790 1487 versum
833 1448 1152 1500 praecedentem,
1197 1450 1359 1489 alterius
1399 1450 1515 1501 pedis
1548 1451 1749 1502 spondeus
1781 1457 1916 1502 partes

93 1518 285 1571 ‘quodam
327 1518 442 1557 modo
486 1518 654 1569 suscipit
688 1517 803 1570 pedis
841 1518 962 1570 primi
999 1531 1130 1570 neque
1161 1505 1304 1557 incisio
1347 1519 1463 1557 illum
1506 1520 1754 1571 subsequens
1799 1533 1915 1558 aures

72 1622 74 1625 .
114 1589 220 1627 mal-e
251 1588 398 1626 adficit.

228 1655 353 1709 Apud
384 1655 771 1694 Theocritumvero
803 1655 1028 1693 hexametri
1059 1656 1144 1694 eius
1176 1656 1348 1707 generis,
1383 1656 1491 1708 quod
1513 1663 1743 1704 tractamus,
1778 1659 1916 1710 paucis

109 1727 294 1778 exceptis
325 1738 461 1763 omnes
492 1724 656 1776 habent,
689 1737 767 1775 quo
798 1725 985 1763 molestia
1016 1731 1085 1763 aut
1120 1722 1380 1763 imminuatur
1418 1733 1487 1763 aut
1530 1727 1708 1765 tollatur.
1742 1741 1789 1765 ac
1819 1741 1917 1765 non-

116 1794 238 1833 nullis
270 1794 433 1846 quidem
455 1793 637 1831 versibus
659 1794 825 1831 offensio
847 1793 1014 1841 ratione,
1049 1807 1169 1846 quam
1189 1795 1317 1846 primo
1340 1796 1428 1833 loco
1452 1797 1633 1847 exposui,
1666 1802 1915 1842 removetur,

117 1877 251 1913 voces,
276 1862 421 1915 quibus
443 1862 646 1914 spondeus
668 1862 781 1914 pedis
803 1862 968 1901 alterius
991 1863 1173 1911 efficitur,
1197 1863 1303 1902 haud
1318 1878 1406 1903 raro
1429 1864 1571 1903 ambae
1593 1871 1678 1903 arte
1700 1864 1917 1903 cohaerent

98 1944 208 1972 -cum
241 1931 513 1984 sequentibus,
553 1944 856 1982 nonnumquam
889 1932 1011 1969 etiam
1057 1932 1358 1983 inter-pungitur
1400 1940 1492 1984 post
1535 1933 1679 1985 pedem
1723 1935 1915 1985 primum:

116 2001 162 2056 a)
196 2002 233 2039 V
256 2005 306 2040 31
331 2000 388 2054 μὴ
410 2000 571 2040 σπεῦδ’·
597 2000 649 2040 οὐ
670 2000 753 2054 γάρ
774 2014 856 2050 τοι,
879 2001 961 2039 VII
983 2002 1035 2038 39
1059 2001 1112 2041 οὐ
1144 2004 1254 2041 Λᾶν·
1288 2002 1341 2042 οὐ
1361 2003 1443 2056 γάρ
1465 2015 1533 2043 πω
1557 2004 1640 2054 (qui
1662 2003 1739 2041 duo
1762 2016 1915 2048 versus,
1946 2040 1948 2042 ,

110 2085 205 2110 cum
235 2070 558 2121 interpunctione
589 2075 679 2120 post
701 2069 818 2120 primi
838 2068 954 2121 pedis
982 2069 1204 2121 spondeum
1231 2073 1407 2122 reposita
1441 2071 1617 2120 offensio,
1650 2085 1753 2123 quae
1785 2073 1918 2111 inesse

115 2140 217 2180 solet
257 2139 513 2186 hexametris,
565 2152 731 2189 quorum
774 2139 817 2176 in
858 2139 973 2176 initio
1019 2145 1204 2190 quattuor
1240 2141 1307 2178 vel
1351 2141 1528 2192 quinque
1572 2147 1709 2179 extant
1754 2142 1919 2179 voculae

0 2262 2 2264 ‚
113 2207 474 2262 monosyllabae2),
507 2207 626 2246 valde
656 2208 926 2256 imminuatur,
959 2209 1127 2246 multum
1158 2208 1346 2248 differunt
1377 2211 1428 2249 ab
1461 2211 1546 2249 eius
1579 2211 1687 2249 modi
1719 2210 1915 2256 versibus,

29 2337 33 2338 ⁷
63 2283 65 2285 ’
109 2279 244 2332 'qualis
275 2285 335 2318 est
364 2279 484 2317 Hom.
519 2280 564 2319 Σ
580 2279 660 2317 362
693 2278 765 2319 καὶ
794 2278 874 2332 μὲν
904 2278 957 2332 δή
978 2280 1064 2320 πού
1085 2293 1148 2329 τις
1177 2280 1316 2333 μέλλει
1346 2281 1503 2335 βροτὸς
1533 2280 1663 2336 ἀνδρὶ
1692 2282 1918 2331 τελέσσαι),

56 2397 71 2402 γ’
113 2348 178 2388 XI
209 2350 261 2387 59
295 2348 392 2388 ὥστ’
422 2348 502 2389 οὐκ
532 2350 587 2388 α”ν
616 2361 684 2388 τοι
713 2354 863 2398 ταῦτα,
894 2349 1049 2387 accedit
1091 2363 1230 2388 versus
1267 2351 1306 2387 V
1343 2354 1397 2389 44
1429 2350 1533 2391 ἀλλὰ
1576 2351 1659 2405 γὰρ
1703 2349 1795 2403 ἕρφ’
1829 2348 1919 2399 ὧδ’,

109 2415 231 2471 ἕρπε,
267 2417 340 2457 καὶ
374 2417 536 2457 ὕστατα
577 2415 848 2472 βουκολιαξῇ,
878 2418 921 2455 in
953 2432 1030 2469 quo
1062 2425 1152 2470 post
1189 2420 1353 2458 alterius
1391 2420 1504 2471 pedis
1542 2420 1763 2471 spondeum
1795 2420 1917 2457 inter-

116 2485 307 2538 pungitur
339 2482 407 2539 (cf.
439 2486 541 2523 XIV
574 2485 663 2537 51);
709 2485 779 2523 sed
815 2486 1079 2526 nihilominus
1111 2502 1190 2526 vox
1221 2490 1399 2540 repetita
1422 2487 1524 2541 ἕρπε
1561 2495 1646 2526 arte
1683 2502 1771 2526 cum
1805 2501 1918 2539 prae-

116 2553 349 2594 cedentibus
382 2554 594 2592 coniuncta
632 2559 703 2602 est,
732 2567 835 2604 quae
867 2554 1126 2594 cohaerentia
1157 2558 1256 2596 elisa
1286 2558 1422 2596 littera
1450 2558 1562 2595 finali
1593 2558 1703 2596 vocis
1735 2557 1820 2599 ὧδε
1852 2558 1918 2596 ad-

115 2625 304 2673 iuvatur,
318 2627 353 2669 b)
375 2623 477 2662 XIV
501 2626 524 2663 3
546 2623 792 2677 πράσσομες
813 2622 891 2675 οὐχ
910 2622 969 2673 ὡς
998 2626 1151 2680 λῷστα,
1174 2628 1227 2665 65
1252 2626 1446 2679 Αἰσχίνα.
1481 2627 1578 2668 ὥστ’
1612 2629 1654 2669 εἴ
1679 2642 1760 2678 τοι,
1788 2628 1871 2666 XV
1895 2630 1917 2665 2

235 2737 263 2784 ¹)
290 2738 342 2772 cf.
370 2737 496 2771 Christ.
522 2737 544 2770 1.
573 2748 600 2770 c.
627 2748 660 2780 p.
687 2738 764 2778 174,
790 2736 870 2769 adn.
899 2739 953 2770 34.

75 2844 78 2848 Α
233 2794 261 2840 ²)
285 2797 365 2830 Hoc
388 2800 507 2829 tamen
532 2806 604 2828 non
616 2795 735 2827 valere
760 2795 803 2827 de
815 2795 987 2838 versibus,
1012 2798 1050 2829 in
1075 2799 1204 2841 quibus
1222 2799 1406 2833 vocabulis
1423 2799 1493 2833 illis
1518 2801 1773 2844 monosyllabis
1791 2801 1920 2844 dactyli

114 2849 316 2886 efficiuntur
354 2855 465 2896 (velut
490 2854 577 2886 VIII
607 2852 651 2885 85
677 2850 716 2884 αἰ
739 2851 779 2885 δέ
803 2863 838 2884 τι
862 2853 925 2896 λῇς
948 2864 992 2896 με
1016 2853 1076 2906 και
1101 2853 1215 2888 αὐτὸν
1239 2855 1298 2899 ἅμ’
1324 2854 1539 2890 αἰπολέοντα
1577 2857 1748 2900 διδάξαι),
1785 2870 1847 2901 per
1884 2870 1921 2890 se

65 2949 69 2952 ⁴
115 2910 202 2943 satis
226 2913 333 2953 patet.
