2051 3341
106 213 326 253 Homerum
372 219 466 253 ante
521 214 719 253 vocabula
774 226 796 252 a
841 213 957 251 certis
1003 209 1237 265 quibusdam
1282 211 1472 264 stirpibus
1529 212 1710 254 derivata
1754 213 1905 267 longas
1934 198 1944 234 5*
1975 214 2051 259 »τὲ

106 297 249 323 vocum
282 284 610 337 praecedentium
642 283 801 322 vocales
833 287 1060 321 constanter
1090 294 1169 319 non
1203 281 1364 333 corripi,
1396 283 1475 334 ipsi
1507 296 1668 337 quoque
1698 283 1797 323 talia
1826 282 1903 324 sibi

106 354 230 393 licere
261 354 472 406 putabant.
503 354 610 392 unde
643 354 791 391 factum
827 357 897 399 est,
931 356 974 389 ut
1001 350 1206 390 nonnullis
1227 349 1435 390 vocabulis
1457 352 1537 391 iam
1559 352 1708 392 dudum
1731 368 1756 392 a
1774 353 1905 393 vocali

107 424 394 476 incipientibus
438 436 596 475 prorsus
636 421 773 460 eadem
820 421 976 459 ratione
1014 426 1134 473 atque
1179 420 1394 471 Homerus,
1443 422 1553 460 cuius
1598 429 1730 462 aetate
1772 421 1845 461 illa
1881 436 1906 461 a

109 493 311 544 digammo
343 493 498 530 initium
532 490 755 542 capiebant,
787 495 1008 529 uterentur.
1041 490 1120 528 loci
1151 490 1272 540 igitur
1302 489 1420 529 huius
1450 490 1557 529 modi
1590 491 1697 543 apud
1711 492 1904 531 Theocri-

112 568 195 599 tum
229 562 411 599 similiter
444 566 564 611 atque
596 559 699 611 apud
739 559 838 597 alios
880 559 1082 597 inferioris
1121 559 1263 597 aetatis
1293 564 1434 611 poetas
1465 573 1544 597 non
1577 560 1717 599 eadem
1749 562 1905 600 ratione

113 630 310 668 tractandi
351 635 452 677 sunt,
498 642 577 681 qua
616 629 658 667 in
692 627 863 667 Homeri
907 627 1163 678 carminibus,
1199 628 1269 668 ubi
1312 628 1443 668 hiatus
1488 628 1688 682 digammo
1732 630 1902 671 tollitur.

114 706 153 738 et
174 713 261 737 cum
284 700 323 736 in
347 699 576 736 universum
600 697 650 736 de
670 698 901 749 frequentia
921 697 1102 736 hiatuum
1123 698 1162 736 in
1187 698 1390 737 Theocriti
1413 698 1654 738 carminibus
1676 705 1903 752 quaeretur,

110 768 297 820 exempla
329 781 388 817 ea,
422 768 462 806 in
496 767 640 820 quibus
671 780 791 807 voces
822 767 1027 819 leguntur,
1062 781 1228 819 quarum
1258 768 1298 806 in
1330 768 1441 806 initio
1474 767 1675 821 digamma
1705 769 1799 808 olim
1821 776 1907 809 erat

106 839 293 890 positum,
327 839 468 876 ceteris
491 836 664 875 hiatibus
687 836 987 876 adnumeranda
1015 843 1143 890 erunt,
1182 837 1405 890 separanda
1436 844 1567 877 autem
1599 836 1651 877 ab
1683 838 1744 878 his
1773 852 1905 891 neque

109 914 242 946 tamen
274 920 434 959 prorsus
465 906 720 959 neglegenda
750 913 878 954 erunt,
922 906 992 945 ubi
1028 913 1170 959 agetur
1205 906 1255 946 de
1291 908 1492 947 variorum
1532 908 1712 947 hiatuum
1749 914 1904 948 natura.

223 976 321 1015 Cum
368 990 462 1015 vero
505 976 616 1028 prius
654 975 954 1025 vocabulorum,
1000 989 1169 1028 quorum
1207 977 1249 1015 in
1292 977 1464 1016 confinio
1504 976 1637 1016 hiatus
1676 983 1801 1025 extat,
1838 984 1907 1017 aut

105 1047 265 1098 longam
299 1052 367 1084 aut
403 1045 568 1100 brevem
601 1032 781 1085 vocalem
824 1047 865 1085 in
908 1046 987 1085 fine
1031 1047 1159 1099 possit
1201 1045 1349 1085 habere
1384 1047 1570 1099 positam,
1616 1046 1721 1085 hanc
1750 1060 1833 1085 rem
1864 1048 1906 1086 in

108 1115 386 1155 distribuenda
430 1116 600 1154 materia
643 1115 850 1167 proposita
891 1116 1152 1168 respiciamus
1194 1129 1359 1155 necesse
1403 1122 1475 1155 est.
1529 1129 1666 1168 quam
1710 1115 1766 1154 ob
1809 1126 1907 1154 rem

103 1187 275 1237 priore
317 1185 459 1225 huius
504 1186 683 1237 capitis
727 1192 867 1237 parte
899 1185 957 1240 (Ι)
989 1186 1045 1225 (16
1077 1200 1131 1225 60
1162 1185 1323 1225 hiatus
1367 1199 1547 1238 genere
1592 1199 1906 1237 exponemus,
1954 1224 1963 1230 ,

106 1256 158 1293 in
194 1269 283 1307 quo
315 1268 483 1294 voces
515 1255 890 1308 praecedentes
921 1256 968 1293 in
1001 1255 1176 1307 longas
1209 1255 1441 1295 desinunt
1472 1254 1715 1305 syllabas,
1749 1240 1909 1294 altera

112 1321 189 1379 (ΙΙ)
221 1325 282 1363 (16
313 1324 555 1374 hiatibus,
588 1326 633 1363 in
669 1325 841 1378 quibus
873 1325 1072 1384 vocales
1105 1325 1282 1364 breves
1313 1326 1558 1377 leguntur.

992 1418 1025 1457 I.

223 1500 265 1539 Si
296 1513 377 1538 vox
409 1501 451 1538 in
482 1500 644 1552 longam
677 1500 856 1538 vocalem
896 1500 961 1539 vel
994 1500 1288 1553 diphthongum
1322 1501 1511 1540 desinens
1543 1507 1637 1540 ante
1669 1500 1905 1540 vocabulum

106 1584 128 1607 a
162 1569 293 1608 vocali
331 1570 529 1621 incipiens
575 1570 818 1617 conlocatur,
863 1570 1064 1622 syllabam
1106 1570 1216 1608 illam
1260 1571 1420 1608 finalem
1459 1570 1566 1622 apud
1598 1583 1734 1609 omnes
1766 1576 1908 1621 poetas

107 1638 282 1677 Graecos
326 1638 422 1676 inde
465 1638 515 1677 ab
548 1638 725 1678 Homero
769 1639 888 1690 longe
933 1639 1170 1691 saepissime
1213 1640 1359 1691 corripi
1404 1639 1501 1678 satis
1542 1644 1709 1680 constat.
1754 1653 1833 1691 qua
1863 1652 1907 1678 re

105 1709 255 1746 factum
288 1715 361 1755 est,
393 1715 438 1746 ut
468 1708 650 1747 homines
683 1709 802 1756 docti,
834 1708 1078 1760 ubicumque
1108 1709 1177 1747 lex
1209 1722 1258 1747 ea
1290 1708 1504 1747 observata
1533 1708 1821 1761 reperiebatur,
1855 1707 1905 1746 de

111 1777 224 1816 hiatu
255 1791 334 1816 non
366 1778 444 1815 iam
478 1778 735 1830 cogitandum
767 1784 806 1816 et
833 1778 942 1817 locos
965 1779 1021 1817 ita
1043 1784 1292 1831 comparatos
1313 1778 1359 1816 in
1377 1777 1680 1830 quaestionibus
1703 1777 1754 1817 de
1776 1777 1908 1817 hiatus

113 1862 188 1887 usu
221 1848 413 1887 institutis
444 1848 604 1887 silentio
635 1847 950 1901 praetereundos
983 1862 1071 1888 esse
1104 1854 1326 1888 censerent.
1359 1853 1481 1900 atque
1512 1847 1680 1887 eandem
1712 1847 1908 1887 rationem

106 1932 128 1956 a
170 1919 509 1970 Kruegermanno
553 1932 713 1971 quoque
759 1919 786 1959 l.
819 1932 852 1957 c.
885 1920 1027 1957 initam
1071 1932 1162 1958 esse
1203 1919 1401 1957 invenies.
1447 1917 1518 1956 sed
1560 1917 1680 1956 huius
1721 1916 1831 1956 modi
1867 1916 1909 1955 in

111 1988 411 2040 quaestionibus
455 1989 626 2041 primum
669 1989 758 2041 ipsa
801 1989 919 2037 ratio,
965 2001 1068 2041 quae
1111 1989 1220 2027 inter
1262 2001 1470 2027 numerum
1514 1987 1788 2039 exemplorum
1829 1986 1911 2037 legi

108 2059 420 2109 repugnantium
464 2057 678 2097 intercedit
720 2064 760 2096 et
804 2071 952 2105 eorum,
998 2057 1143 2109 quibus
1185 2057 1254 2095 lex
1292 2056 1540 2104 observatur,
1588 2062 1650 2095 sat
1679 2056 1814 2107 magni
1847 2060 1912 2103 e—st

108 2128 320 2176 momenti3
344 2126 492 2165 deinde
505 2127 697 2175 locorum,
721 2126 865 2179 quibus
883 2127 1035 2166 vocalis
1054 2127 1278 2179 corripitur,
1299 2126 1475 2165 omnium
1497 2138 1751 2178 nequaquam
1769 2124 1910 2164 eadem

111 2202 171 2235 cst
202 2203 358 2244 natura,
393 2203 514 2249 atque
545 2197 705 2248 singula
735 2196 896 2235 illorum
925 2210 1076 2248 genera
1108 2201 1400 2247 cognoscantur
1425 2208 1592 2235 necesse
1614 2201 1686 2233 est.
1721 2207 1827 2246 quae
1847 2207 1911 2232 res

108 2279 195 2304 cum
226 2267 283 2304 ita
315 2279 357 2304 se
397 2266 557 2315 habeat,
603 2266 723 2305 etiam
769 2266 810 2305 in
855 2266 1057 2318 legitimos
1100 2265 1191 2305 illos
1231 2265 1365 2304 hiatus
1406 2264 1557 2317 inquiri
1600 2263 1748 2303 debere
1788 2264 1913 2303 mani-

107 2337 251 2375 festum
299 2342 371 2375 est.
418 2338 556 2388 itaque
599 2336 718 2375 haec
762 2336 1114 2388 disputationis
1158 2341 1356 2374 nostrae
1398 2348 1512 2387 pars
1545 2336 1592 2372 in
1626 2333 1719 2372 dua
1749 2332 1907 2373 distri·

106 2406 209 2444 bue
229 2406 336 2444 nda
379 2407 493 2445 erit
531 2406 744 2458 capita,
790 2419 991 2458 quorum
1029 2406 1197 2457 priore
1230 2402 1314 2459 (A)
1348 2418 1428 2443 eos
1465 2403 1627 2442 hiatus
1658 2415 1914 2456 percense-

106 2476 290 2524 bimus,
335 2477 383 2514 in
429 2476 607 2528 quibus
650 2482 753 2515 tota
798 2478 873 2515 vis
915 2477 1121 2515 ultimae
1164 2474 1391 2528 syllabae
1422 2474 1557 2513 vocis
1588 2479 1914 2526 antegressae

106 2551 382 2593 servatur,
416 2546 600 2584 altero
626 2544 712 2600 (B)
737 2559 959 2598 agemus
991 2545 1053 2583 de
1086 2544 1357 2592 hiatibus,
1393 2544 1439 2582 in
1473 2544 1675 2596 quibus
1706 2543 1915 2595 longae

105 2614 342 2667 syllabae
372 2615 591 2653 finales
624 2615 1010 2666 corripiuntur.

988 2696 1040 2735 A.

220 2779 389 2830 Longae
421 2776 607 2830 syllabae
636 2777 778 2815 finales
811 2777 850 2816 in
883 2777 996 2815 hiatu
1033 2778 1189 2830 positae
1219 2783 1264 2816 ut
1295 2783 1421 2817 totam
1444 2778 1529 2817 vim
1560 2789 1672 2816 suam
1700 2773 1915 2824 retineant,

108 2850 191 2888 iam
225 2851 266 2887 in
290 2849 459 2888 Homeri
492 2847 737 2887 carminibus
757 2847 857 2887 locis
879 2847 999 2899 longe
1018 2848 1202 2900 plurimis
1232 2848 1384 2888 maiore
1405 2848 1504 2887 arsis
1528 2848 1569 2885 vi
1591 2846 1695 2886 effici
1718 2845 1916 2886 videmus.-

102 2934 188 2958 cum
225 2920 329 2958 enim
364 2918 443 2956 duo
476 2919 560 2956 fero
598 2917 711 2956 milia
751 2918 1026 2969 exemplorum
1058 2917 1115 2956 ibi
1148 2924 1300 2965 extent,
1346 2918 1386 2956 in
1427 2917 1572 2970 quibus
1618 2916 1802 2969 syllabae
1838 2928 1917 2954 non
