2051 3341
25 59 156 144 ’ἷκε

101 229 309 269 trochaica
350 231 394 269 in
432 243 489 269 cc.
520 231 594 273 IV.
628 229 717 285 (ubi
759 246 829 272 vv.
866 231 1016 271 XXVI
1046 243 1213 270 caesura
1254 222 1545 284 semiquinaria
1586 238 1680 289 sunt
1720 232 1918 279 instructi,
1946 219 1953 242 ³
1968 204 1971 209 Ι

102 298 322 339 XXXVII
360 297 585 355 trochaica)
627 307 667 340 et
698 300 794 340 VH.
838 298 926 355 (ubi
966 312 1035 340 w.
1071 299 1214 339 LXVI
1244 300 1536 353 semiquinaria
1564 291 1808 351 inciduntur,
1840 299 1922 341 XO

105 368 349 424 trochaica).
381 369 508 408 multo
541 369 661 408 aliter
691 375 814 421 atque
839 369 882 407 in
911 368 1076 421 edylliis
1095 368 1292 409 bucolicis
1313 382 1378 409 res
1397 383 1442 409 se
1465 370 1591 410 habet
1610 372 1652 410 in
1674 371 1922 410 carminibus

107 438 252 491 epicis;
298 438 340 477 in
383 438 446 477 his
489 439 596 477 enim
636 438 727 490 plus
765 450 886 489 quam
916 436 1022 477 duae
1051 443 1187 490 partes
1218 438 1396 478 omnium
1427 451 1618 478 versuum
1658 426 1825 479 caesura
1860 439 1918 478 in·

108 506 297 547 ciduntur
336 506 553 547 trochaica.
596 511 643 545 ut
678 506 803 558 igitur
840 505 1094 559 dactylorum
1133 513 1173 546 et
1209 506 1478 559 spondeorum
1508 520 1585 546 usu
1615 508 1658 547 in
1689 509 1805 560 epico
1836 522 1921 548 car·

110 577 263 614 minum
300 587 449 627 genere
479 574 740 613 Theocritum
778 574 962 626 proxime
999 574 1052 613 ad
1083 574 1253 614 aliorum
1284 562 1516 627 aequalium
1547 588 1699 614 morem
1729 575 1922 615 accedere

109 644 286 683 vidimus
304 641 351 698 ¹),
403 644 461 682 ita
508 643 736 695 frequentia
785 656 946 696 quoque
995 656 1185 683 caesurae
1223 644 1345 683 ’tertii
1368 643 1503 697 ‘pedis
1544 643 1769 684 trochaicae
1811 644 1919 685 idem

114 714 356 754 declaratur.
389 711 530 752 eadem
562 714 670 753 enim
701 713 818 761 ratio,
846 724 957 765 ‘quae
986 714 1029 753 in
1059 712 1225 766 edylliis
1251 713 1461 753 Theocriti
1492 713 1630 766 epicis,
1659 713 1769 767 apud
1796 712 1919 753 Galli-

111 782 295 822 machum
336 795 499 835 quoque
536 782 644 821 inter
671 795 814 821 versus
845 782 1132 835 semiquinaria
1175 782 1371 822 incisione
1413 781 1622 822 distinctos
1661 788 1703 821 et
1732 795 1812 832 eos,
1850 782 1921 836 qui

111 858 205 903 post
234 851 400 891 tertium
430 851 662 891 trochaeum
691 851 934 899 inciduntur,
966 850 1193 891 intercedit.
1225 864 1319 890 nam
1343 864 1395 890 ex
1415 850 1720 891 DOCOOXLH
1737 851 1923 891 versibus

111 922 353 974 hymnorum
383 920 434 968 1.‚
465 920 536 968 ΙΙ.,
568 920 661 969 ΠΙ.,
694 920 783 967 IV.‚
816 920 888 962 VI.
921 920 1158 959 dividuntur
1179 919 1389 959 CCLXVI
1420 932 1587 960 caesura
1618 919 1922 973 semiquinaria,

110 988 375 1030 DCLXXVI
405 989 609 1029 trochaica
623 988 672 1044 ²).

220 1058 430 1098 &aesurae
466 1072 564 1098 vero
606 1058 920 1110 semiquinariae
950 1057 1194 1097 Theocritus
1231 1062 1454 1097 ceterorum
1498 1063 1708 1109 poetarum
1739 1058 1915 1097 Alexan-

115 1128 321 1167 drinorum
364 1140 475 1166 more
490 1126 524 1182 ³)
567 1128 611 1167 in
652 1127 792 1181 primis
834 1127 877 1166 in
919 1140 975 1166 cc.
1014 1126 1147 1168 bucol.
1185 1132 1226 1167 et
1267 1140 1331 1180 ep.
1371 1132 1600 1167 constanter
1649 1125 1805 1167 addidit
1853 1134 1925 1167 aut

114 1197 339 1236 bucolicam
381 1202 452 1235 aut
493 1197 864 1248 semiseptenariam
906 1196 1156 1244 incisionem,
1201 1195 1315 1235 illam
1367 1194 1531 1248 quidem
1573 1194 1701 1250 multo
1744 1198 1919 1252 saepius.

114 1272 285 1324 Excipit
315 1272 423 1311 enim
455 1284 662 1310 caesuram
693 1271 1021 1324 semiquinariam

315 1378 357 1423 a)
389 1375 430 1412 in
463 1387 520 1412 cc.
553 1373 644 1414 buc.
707 1370 791 1414 3'74
828 1374 926 1412 locis
956 1374 1098 1413 incisio
1128 1373 1234 1422 buc„
1265 1373 1386 1424 5211.
1408 1370 1723 1428 semisepten.⁴).

312 1447 350 1492 b)
393 1474 414 1496 „
473 1474 494 1497 ᾖ
549 1443 657 1483 mim.
705 1445 786 1483 142
862 1473 882 1495 ,,
1007 1473 1028 1496 „
1172 1474 1192 1496 „
1270 1443 1326 1482 50
1359 1473 1379 1494 „
1557 1473 1576 1495 „

315 1515 350 1561 c)
394 1543 414 1566 „
472 1542 493 1564 „
549 1512 675 1564 epicis
700 1513 782 1550 198
858 1542 878 1565 „
1003 1542 1024 1565 7,
1168 1542 1187 1563 „
1265 1512 1319 1550 89
1354 1542 1374 1562 „

315 1580 646 1634 d)„„dub.
729 1582 879 1635 96„
1004 1612 1025 1635 ᾖ
1168 1581 1376 1635 „16„
1552 1611 1572 1634 „

120 1696 228 1736 unde
257 1702 372 1749 patet
400 1696 657 1736 hexametros
687 1696 976 1748 semiquinaria
1006 1708 1171 1734 caesura
1200 1694 1416 1734 instructos
1449 1706 1583 1747 neque
1614 1699 1706 1747 post
1736 1698 1921 1746 quartam

120 1767 241 1805 arsim
272 1779 407 1819 neque
436 1772 528 1820 post
557 1765 704 1819 pedem
736 1771 924 1819 quartum
961 1765 1108 1804 incisos
1149 1765 1193 1803 in
1237 1777 1296 1804 cc.
1327 1762 1461 1804 bucol.
1493 1776 1575 1803 non
1604 1762 1696 1816 plus
1725 1761 1792 1802 IX
1822 1774 1922 1810 esse,
2031 1804 2034 1806 ,

119 1838 161 1877 in
193 1837 304 1877 mim.
333 1836 434 1891 XX,
475 1836 517 1877 in
556 1850 622 1889 ep.
653 1835 776 1885 XIH,
808 1835 851 1874 in
882 1833 978 1874 dub.
1009 1833 1084 1874 VI.
1115 1847 1163 1873 ac
1192 1833 1379 1886 plerique
1408 1846 1460 1872 ex
1489 1832 1552 1872 his
1582 1831 1826 1872 hexametris
1855 1836 1926 1869 aut
2001 1840 2003 1842 ·

119 1912 210 1958 post
242 1906 378 1959 quinti
414 1904 532 1958 pedis
569 1905 691 1944 arsim
721 1909 791 1944 aut
819 1908 913 1956 post
944 1902 1122 1943 eiusdem
1155 1900 1269 1955 pedis
1299 1900 1532 1940 trochaeum
1562 1899 1809 1941 inciduntur.
1855 1896 1926 1937 illa

118 1975 280 2030 quidem
320 1976 463 2015 incisio
492 1975 535 2014 in
565 1974 629 2014 his
657 1957 864 2014 invenitur
892 1973 1093 2013 versibus:
1126 1970 1168 2026 a)
1195 1971 1279 2011 VH
1309 1973 1360 2010 21
1393 1970 1444 2011 τὸ
1485 1970 1748 2023 μεσαμέριον
1787 1967 1928 2015 πόδας

117 2044 265 2098 ἕλκεις,
296 2046 369 2093 54;
404 2044 507 2084 VIII
538 2044 606 2091 75,
642 2045 713 2093 90;
744 2042 788 2082 X
811 2044 882 2093 39;
912 2041 1068 2090 XI48,
1100 2041 1171 2091 523
1205 2037 1243 2095 b)
1270 2039 1354 2080 XV
1376 2040 1415 2089 7,
1451 2040 1518 2087 14,
1554 2040 1620 2088 18,
1653 2038 1721 2088 36,
1754 2038 1823 2088 37,
1856 2037 1924 2085 39,

117 2118 187 2163 43,
230 2117 298 2161 54,
340 2116 412 2161 66,
447 2116 552 2163 -106;
595 2113 744 2151 XVIII
767 2114 847 2160 533
890 2110 925 2165 (ᾖ
955 2111 1085 2149 XXII
1117 2112 1190 2157 56;
1232 2109 1359 2147 XXV
1391 2109 1510 2156 259,
1537 2104 1578 2160 d)
1609 2106 1718 2144 XXI
1747 2108 1819 2153 56,
1850 2108 1927 2152 6ος

119 2183 290 2223 XXVII
322 2184 361 2234 5,
395 2184 465 2222 61.
509 2188 602 2236 post
638 2181 768 2235 quinti
797 2180 914 2234 pedis
944 2179 1176 2219 trochaeum
1206 2191 1258 2218 ex
1288 2176 1485 2225 versibus,
1518 2175 1569 2215 de
1606 2174 1752 2228 quibus
1781 2174 1926 2227 agitur,

119 2254 162 2293 hi
199 2253 450 2294 inciduntur:
486 2250 533 2305 b)
563 2252 607 2290 H
638 2253 663 2291 8
703 2251 965 2304 Τιμαγήτοιο
995 2250 1278 2302 παλαίστραν,
1321 2247 1370 2288 cf.
1404 2248 1475 2294 97;
1518 2245 1624 2283 XIV
1656 2246 1701 2293 83
1743 2245 1827 2283 XV
1859 2246 1929 2291 92,

123 2325 217 2375 128,
255 2325 356 2373 129;
403 2320 438 2378 (9
469 2321 579 2362 XIH
611 2322 650 2369 7,
685 2321 757 2370 643
795 2318 927 2358 XXII
958 2318 1032 2368 823
1070 2316 1197 2357 XXV
1227 2317 1295 2366 26,
1328 2316 1397 2365 63,
1432 2315 1528 2364 189,
1562 2314 1664 2365 217;
1704 2312 1853 2354 XXVI
1885 2314 1929 2363 1;

118 2395 206 2435 XII
227 2395 296 2445 20,
330 2396 405 2444 213
440 2391 484 2449 d)
515 2393 642 2446 epigr.
664 2390 731 2430 III
753 2392 791 2440 3,
823 2389 885 2429 IV
908 2390 977 2430 13.
1007 2394 1099 2440 post
1130 2387 1313 2439 quintum
1331 2385 1504 2425 demum
1534 2383 1680 2437 pedem
1709 2385 1930 2436 reperimus

123 2465 360 2505 incisionem
391 2464 433 2502 in
464 2461 651 2502 versibus
693 2464 871 2513 qattuor:
915 2455 956 2512 a)
987 2456 1055 2495 XI
1084 2457 1139 2495 47
1175 2455 1225 2497 τό
1261 2469 1336 2509 μοι
1371 2453 1399 2495 ἁ
1428 2452 1747 2506 πολυδένδρεος
1775 2450 1928 2501 Αἴτνα;

239 2603 267 2645 ²)
292 2601 345 2633 cf.
370 2612 405 2644 p.
432 2601 489 2643 16,
513 2601 558 2632 29
583 2609 636 2642 sq.

239 2657 267 2702 ²)
294 2657 347 2691 cf.
371 2657 493 2691 Prahl.
517 2668 551 2700 p.
580 2658 611 2689 7.

239 2717 267 2761 ³)
295 2716 347 2749 cf.
373 2725 465 2758 quae
490 2715 653 2758 exposuit
677 2712 772 2746 Guil.
796 2711 919 2753 Meyer
946 2710 984 2742 in
1008 2712 1075 2742 act.
1101 2708 1201 2741 acad.
1225 2708 1365 2740 Monac.
1393 2706 1495 2754 1884,
1518 2715 1552 2748 p.
1577 2705 1645 2737 992
1670 2712 1747 2746 sqq.

237 2774 264 2819 ⁴)
290 2774 425 2807 Versus
456 2773 532 2805 eius
556 2772 707 2814 generis,
744 2770 846 2803 cuius
871 2771 925 2802 est
947 2767 1037 2800 XIII
1062 2768 1082 2799 7
1107 2768 1172 2799 τοῦ
1195 2763 1381 2811 χαρίεντος
1403 2762 1507 2806 ”Τ’λα,
1542 2764 1608 2795 τοῦ
1639 2759 1712 2794 τὰτί
1729 2757 1933 2803 πλοκαμῖὸα

122 2836 324 2879 φορεῦντος
346 2831 406 2865 vel
431 2830 536 2863 XXII
559 2831 603 2862 66
627 2827 771 2872 θάρσει.
808 2825 889 2870 μήτ’
920 2824 1069 2863 ἀδίκους
1103 2822 1185 2868 μήτ’
1215 2820 1255 2864 ἐξ
1291 2820 1429 2855 ἀδίκων
1464 2819 1564 2864 φάθι
1598 2818 1761 2853 λεύσσειν
1794 2821 1935 2861 propter

120 2896 232 2926 artam
263 2890 405 2925 articuli
427 2887 487 2921 vel
508 2886 779 2931 praepositionis
804 2894 886 2918 cum
909 2883 1130 2917 substantivo
1155 2892 1221 2915 suo
1246 2874 1509 2917 cohaerentiam
1531 2879 1570 2911 in
1594 2887 1716 2911 eorum
1738 2886 1934 2918 numerum,
2024 2875 2051 2925 j

92 2961 95 2964 ’
120 2951 183 2994 qui
207 2958 358 2983 caesura
381 2941 674 2990 semiseptenaria
695 2945 828 2986 carent,
851 2941 981 2976 rettuli.
