2051 3336
1837 83 1890 122 57

97 215 142 270 d)
178 215 286 254 XXI
328 216 382 253 64
420 215 489 255 ἴσα
526 214 563 255 δ’
591 211 645 269 ἧν
686 212 891 264 ψεύδεσιν
935 213 1046 264 ὄψις,
1091 213 1259 252 XXVII
1297 213 1350 252 59
1387 217 1462 265 τῆς
1499 216 1575 265 σῆς
1615 226 1684 253 τοι
1719 203 1892 266 μείζὸνα

98 285 241 336 δώσω,
273 285 327 323 63
358 283 432 324 καὶ
461 283 597 325 αὐτὰν
626 285 737 338 βοῦν
767 273 1008 337 Ἅφρόὸίτᾳ.

218 352 414 393 Videmus
462 366 601 392 versus
657 358 749 392 ante
805 357 1008 391 caesuram
1057 350 1186 393 bucol.
1232 350 1454 404 spondeum
1505 350 1742 390 exhibentes
1793 353 1890 391 satis

96 426 327 476 frequentes
370 436 456 463 esse
500 424 542 462 in
585 422 747 475 edylliis
792 422 901 460 mim.
931 426 980 472 *et
1022 434 1101 472 ep„
1144 427 1263 473 atque
1306 421 1468 471 singula
1511 421 1688 459 carmina
1731 421 1764 459 si
1803 434 1889 473 per-

95 495 321 542 lustramus,
367 494 710 546 frequentissimos
755 505 842 531 esse
885 490 1054 543 adparet
1094 492 1136 529 in
1180 492 1304 543 edyll.
1343 492 1451 540 XV.‚
1485 493 1526 530 in
1564 505 1643 543 quo
1681 492 1765 530 solo
1803 493 1889 530 XII

98 564 365 616 reperiuntur.
410 564 525 602 aliter
562 576 624 602 res
656 575 699 601 se
734 561 859 600 habet
888 561 930 599 in
961 574 1017 601 cc.
1052 560 1195 609 bucol„
1241 575 1406 613 quorum
1439 560 1634 600 nonnulla
1666 562 1750 600 eius
1782 562 1890 600 modi

96 645 248 681 verme,
281 634 419 685 quales
441 638 668 685 tractamus,
698 631 859 669 omnino
880 643 960 669 non
982 629 1187 678 exhibent,
1220 631 1410 669 nonnulla
1432 630 1581 669 habent
1603 631 1886 682 paucissimos;

95 701 214 754 paulo
258 702 390 754 plures
429 698 503 756 (V)
537 699 699 740 exhibet
742 713 774 740 c.
806 698 883 738 XL
917 712 1049 751 neque
1088 698 1299 738 defuerunt
1337 700 1405 751 qui
1442 698 1662 752 spondeum
1701 706 1795 739 ante
1827 701 1885 739 in-

96 772 284 810 cisionem
313 771 446 811 bucol.
478 770 734 810 conlocatum
767 768 816 808 ab
850 768 1011 821 edylliis
1034 781 1143 807 mere
1174 768 1303 807 bucol.
1329 766 1536 822 (seiunctis
1568 783 1623 809 cc.
1646 770 1700 808 X.
1726 777 1766 809 et
1786 770 1883 820 XL)

93 853 252 893 prorsus
295 841 470 880 alienum
512 841 713 892 locosque,
758 830 901 892 quibus
938 838 1039 878 haec
1074 851 1212 877 norma
1251 838 1421 891 migrata
1452 845 1566 888 esset,
1612 839 1883 880 emendandos

95 923 181 949 esse
227 908 490 964 censerent1).
535 909 605 947 sed
649 921 892 960 quamquam
934 908 1075 960 negari
1119 909 1260 959 nequit
1291 907 1549 956 Theocritum
1581 921 1733 947 summo
1766 923 1887 961 opere

94 980 136 1017 in
180 978 243 1017 his
286 978 526 1017 carminibus
570 977 791 1030 spondeum
837 978 1076 1028 insequente
1120 990 1284 1015 caesura
1325 976 1508 1015 bucolica
1544 978 1706 1025 vitasse,
1752 985 1885 1017 tamen

95 1061 191 1086 num
222 1047 271 1087 ab
304 1048 410 1086 omni
441 1052 557 1100 parte
587 1046 794 1099 probanda
824 1047 876 1084 sit
907 1058 954 1084 ea
976 1046 1186 1092 sententia,
1221 1044 1342 1083 valde
1365 1044 1627 1083 dubitandum
1651 1052 1722 1084 est.
1754 1060 1887 1099 neque

35 1154 37 1156 .
98 1119 194 1157 satis
230 1124 356 1170 patet,
400 1132 495 1156 num
534 1117 694 1156 omnino
726 1117 831 1155 inter
863 1115 1014 1168 edyllia
1043 1129 1153 1154 mere
1188 1115 1320 1154 bucol.
1353 1122 1392 1154 et
1430 1129 1462 1153 c.
1493 1115 1562 1163 X.,
1602 1116 1709 1167 quod
1740 1118 1781 1155 in
1812 1117 1888 1156 hoc

95 1198 289 1226 messores
318 1191 522 1239 pastorum
553 1184 640 1224 loco
673 1184 851 1224 carmina
881 1183 1132 1223 modulantes
1163 1183 1378 1236 fingantur,
1413 1184 1499 1224 eius
1532 1183 1640 1224 modi
1672 1181 1885 1225 discrimen

95 1254 351 1295 statuendum
383 1255 446 1295 sit.

209 1324 306 1364 Alia
338 1325 441 1364 ratio
473 1325 514 1363 in
545 1324 613 1373 eis,
661 1337 765 1377 quae
796 1330 984 1377 corrupta
1015 1330 1119 1373 sunt,
1153 1323 1395 1376 indagandis
1426 1324 1677 1377 respicienda
1708 1338 1794 1365 esse
1827 1328 1883 1364 vi-

95 1394 223 1435 detur.
246 1409 292 1433 ac
312 1395 391 1433 iam
412 1408 531 1447 supra
552 1394 724 1434 vidimus
746 1407 910 1433 caesura
929 1394 1061 1435 bucol.
1079 1394 1309 1446 rhythmum
1332 1394 1559 1443 accelerari,
1578 1408 1657 1433 non
1674 1396 1881 1435 retardari.

96 1478 174 1517 qua
211 1465 261 1503 de
298 1478 416 1503 causa
455 1478 500 1502 eo
539 1465 667 1516 magis
703 1463 903 1516 spondeus
934 1470 1028 1502 ante
1060 1477 1263 1502 caesuram
1294 1463 1425 1502 bucol.
1458 1464 1652 1502 admissus
1685 1464 1883 1516 displicet,

95 1548 173 1586 quo
217 1534 344 1585 magis
387 1533 639 1573 retardantur
682 1534 836 1573 numeri
876 1533 944 1572 vel
986 1546 1065 1585 quo
1103 1533 1230 1571 maius
1268 1533 1459 1585 temporis
1489 1533 1747 1572 intervallum
1779 1535 1885 1573 inter

93 1603 314 1656 spondeum
351 1603 465 1642 illum
498 1589 548 1642 'et
591 1617 650 1652 ea,
691 1616 793 1655 quae
824 1609 1025 1650 secuntur,
1070 1602 1298 1641 intercedit.
1332 1608 1372 1641 et
1403 1604 1581 1654 profecto
1613 1603 1716 1641 inter
1747 1617 1884 1643 omncs

92 1687 229 1713 versus
255 1673 332 1713 huc
352 1673 596 1726 pertinentes
619 1679 805 1725 quattuor
826 1672 941 1711 modo
965 1670 1024 1726 (a)
1042 1673 1062 1711 I
1077 1673 1100 1710 6
1115 1685 1122 1721 ;
1138 1672 1201 1710 IX
1218 1674 1287 1721 193
1308 1675 1345 1721 b)
1367 1672 1448 1711 XV
1466 1674 1532 1720 38,
1549 1671 1621 1724 67)
1644 1679 1734 1724 post
1755 1675 1884 1725 quarti

91 1742 205 1794 pedis
247 1742 467 1795 spondeum
512 1742 875 1795 interpunctionem
916 1741 1078 1791 habent,
1128 1755 1230 1793 quae
1272 1754 1347 1790 res,
1391 1742 1423 1780 si
1461 1742 1731 1794 frequentiam
1762 1743 1883 1782 inter-

91 1813 351 1864 punctionum
382 1812 424 1849 in
455 1824 619 1850 caesura
649 1811 781 1850 bucol.
803 1811 1049 1863 respicimus,
1082 1825 1162 1850 non
1194 1817 1253 1850 est
1284 1811 1549 1863 neglegenda.
1583 1817 1721 1850 extant
1749 1818 1881 1851 autem

92 1879 170 1919 duo
202 1894 252 1919 ex
281 1880 462 1919 versibus
494 1880 575 1919 illis
605 1881 647 1919 in
679 1894 711 1919 c.
734 1880 843 1928 XV.‚
877 1880 984 1932 quod
1008 1886 1047 1918 et
1068 1879 1266 1932 spondeos
1288 1886 1381 1918 ante
1402 1881 1637 1919 incisionem
1659 1880 1882 1919 bucolicam

90 1949 282 2002 plurimos
311 1949 434 1989 habet
464 1955 504 1989 et
529 1951 571 1989 in
602 1950 833 1989 universum
865 1949 1120 1999 hexametris,
1155 1963 1322 2002 quorum
1355 1950 1510 1989 numeri
1541 1950 1745 2003 graviores
1776 1957 1880 2001 sunt,

90 2019 273 2058 similiter
302 2026 422 2072 atque
454 2033 509 2062 cc.
527 2019 643 2060 VIII.
667 2026 707 2059 et
726 2020 803 2058 XI.
827 2019 1065 2074 abundat2).
1099 2034 1178 2072 qua
1210 2020 1260 2059 de
1291 2034 1410 2059 causa
1441 2019 1518 2059 duo
1552 2034 1711 2073 quoque
1742 2034 1882 2060 versus

90 2089 163 2139 illi,
204 2089 253 2128 de
285 2089 428 2142 quibus
458 2103 587 2129 sermo
619 2095 691 2139 est,
736 2089 934 2129 tolerandi
967 2103 1054 2129 esse
1086 2089 1286 2128 videntur.
1331 2096 1373 2128 at
1403 2091 1641 2129 coniecturis
1672 2105 1882 2130 numerum

91 2158 424 2209 hexametrorum,
469 2160 536 2212 qui
576 2165 668 2199 ante
707 2172 911 2200 caesuram
951 2159 1172 2199 bucolicam
1203 2160 1526 2213 interpunctione
1558 2159 1733 2199 adiutam
1765 2174 1881 2213 spon-

91 2228 209 2268 deum
255 2228 417 2278 habent,
462 2242 610 2280 augere
651 2243 703 2277 ne
744 2230 785 2267 in
824 2243 857 2267 c.
888 2228 983 2267 XV.
1017 2228 1178 2280 quidem
1209 2228 1421 2279 probabile
1453 2235 1524 2268 est.
1565 2244 1685 2281 quam
1717 2230 1766 2269 ob
1799 2245 1881 2269 rem

86 2310 168 2337 non
199 2297 401 2338 adsentior
422 2298 619 2351 Zieglero‚
652 2299 720 2352 qui
742 2312 781 2339 v.
805 2299 857 2337 76
884 2311 956 2351 pro
987 2297 1183 2351 scriptura
1216 2297 1321 2350 vulg.
1352 2299 1417 2353 ἄγ’
1441 2294 1474 2339 ὦ
1506 2298 1624 2340 δειλὰ
1653 2299 1705 2339 τὺ
1735 2300 1880 2354 βιάζευ

88 2369 266 2420 reposuit
296 2370 362 2421 ἄγ’
385 2369 507 2420 ὤθει,
536 2369 609 2409 καὶ
637 2369 690 2409 τὺ
719 2369 876 2422 βιάζευ.
909 2381 1049 2408 versus
1080 2374 1225 2421 autem,
1258 2369 1327 2420 qui
1358 2375 1523 2416 restant,
1559 2368 1580 2409 I
1603 2370 1625 2407 6
1660 2375 1700 2407 et
1720 2367 1785 2408 IX
1812 2371 1876 2417 19,

91 2450 178 2476 cum
224 2437 346 2477 insint
384 2438 425 2477 in
464 2438 627 2492 edylliis
657 2452 765 2479 mere
795 2438 940 2488 bucol„
984 2438 1054 2478 ubi
1084 2439 1258 2478 maxime
1290 2438 1459 2477 vitatum
1491 2452 1576 2477 esse
1608 2452 1631 2477 a
1662 2438 1878 2478 Theocrito

90 2505 313 2557 spondeum
357 2508 471 2559 pedis
510 2509 641 2559 quarti
677 2510 872 2547 incisione
907 2508 1037 2546 bucol.
1071 2510 1309 2559 insequente
1340 2509 1435 2546 satis
1466 2514 1631 2555 constat,
1664 2509 1879 2547 maximam

89 2582 251 2616 movent
281 2576 560 2629 suspicionem.
593 2583 714 2630 atque
745 2583 912 2630 utroque
943 2577 1030 2617 loco
1062 2577 1166 2617 aliae
1197 2590 1357 2630 quoque
1387 2590 1448 2617 res
1470 2576 1653 2628 suadent,
1686 2584 1731 2617 ut
1752 2592 1879 2619 remo·

203 2701 230 2749 ¹)
257 2702 310 2737 cf.
335 2703 603 2737 Wordsworthii
633 2703 800 2737 ‘Theocn
832 2703 997 2738 Cantabr.
1031 2705 1149 2747 1844’,
1181 2704 1328 2747 praefat.
1362 2716 1395 2749 p.
1421 2704 1507 2739 XIX
1540 2716 1590 2748 sq.
1600 2716 1609 2747 ;
1647 2705 1771 2739 Hiller.
1797 2706 1820 2739 1.
1847 2718 1876 2741 c.

86 2772 120 2803 p.
146 2762 223 2794 320.
249 2761 351 2794 aliter
375 2772 457 2794 vero
475 2761 652 2796 iudicasse
671 2762 808 2795 videtur
833 2762 1059 2795 Schuemann
1082 2764 1119 2795 in
1142 2762 1245 2803 libro,
1271 2763 1329 2795 cui
1352 2763 1558 2805 inscriptum
1577 2766 1630 2796 est
1647 2763 1876 2797 ‘Germaniae

82 2820 282 2866 philologos
308 2822 460 2855 Misniae
486 2826 697 2856 conventum
715 2822 933 2856 celebrantes
959 2822 1090 2856 salutat
1106 2823 1149 2856 H.
1167 2822 1348 2856 Fritzsche
1364 2822 1542 2867 huiusque
1560 2824 1710 2857 societas
1729 2823 1877 2866 Graeca,

50 2922 53 2924 μ
81 2878 226 2921 Lipsiae
251 2880 370 2921 1863’,
395 2891 500 2923 quem
524 2881 651 2914 librum
676 2882 849 2924 inspicere
874 2892 931 2914 me
955 2892 1027 2914 non
1051 2883 1207 2926 potuisse
1231 2881 1337 2914 valde
1364 2881 1477 2916 doleo.

198 2933 226 2981 ²)
253 2937 305 2971 cf.
330 2950 364 2982 p.
390 2940 411 2973 8
437 2950 489 2983 sq.
