2051 3341
124 111 179 149 62

117 236 231 275 nulla
260 237 325 284 sit,
358 237 470 275 velut
490 238 510 275 I
534 239 586 276 53
621 238 775 292 σχοίνῳ
812 235 1117 289 ἐφαρμόσδων·
1156 235 1324 287 μέλεται
1368 235 1418 275 δέ
1453 236 1495 276 οἱ
1533 239 1632 279 οὔτε
1660 253 1701 279 τι
1721 237 1916 294 πήραςί).

120 305 305 344 similiter
344 319 424 344 vox
461 306 752 357 monosyllaba,
797 317 877 356 qua
913 304 1049 342 finitur
1079 316 1152 355 pes
1184 309 1363 354 quartus,
1409 306 1482 343 etsi
1515 320 1594 345 non
1626 314 1686 346 est
1710 309 1925 357 enclifica,
1979 314 1981 316 '
2016 311 2020 313 ’

124 380 259 413 tamen
292 388 380 413 cum
413 375 656 427 praegressis
687 379 771 411 arte
804 374 1018 411 coniuncta
1049 378 1109 411 est
1137 371 1200 409 his
1231 372 1273 410 in
1304 372 1504 412 versibus:
1536 373 1582 429 a)
1615 375 1679 415 IX
1702 378 1725 415 5
1750 375 1846 430 ἐμὶν
1871 376 1919 418 δὲ
1980 372 1982 374 μ

54 437 57 439 ’
116 444 169 484 τὺ
199 444 495 498 βουκολιάζευ,
528 442 568 496 b)
598 442 704 480 XIV
726 444 778 480 64
812 441 947 482 αἰτεῖν
977 440 1025 482 δὲ
1056 441 1125 482 δεῖ
1153 441 1233 481 οὐκ
1263 440 1333 481 ἐπὶ
1362 443 1506 492 παντί,
1530 445 1584 482 70
1613 451 1757 485 ποιεῖν
1773 459 1815 486 τι
1838 445 1918 495 δεῖ,

79 2870 81 2872 ’
114 2869 227 2906 πολλὰ
262 2870 295 2904 δ’
331 2869 390 2915 ἄρ’
437 2868 531 2903 ἔνθα
562 2869 623 2904 καὶ
669 2870 748 2905 ἔνθ’
785 2871 893 2905 ὔθυσε
933 2871 1027 2917 μάχη
1067 2872 1223 2916 πεδίοιο,
1267 2874 1310 2906 cf.
1352 2875 1458 2907 etiam
1500 2873 1706 2907 Hoffmanni
1739 2874 1912 2914 ‘Quaene
1984 2852 2031 2923 ..εἰς

121 511 173 562 ἇς
191 513 301 567 γόνυ
320 512 500 567 χλωρόν,
521 511 603 549 XV
626 511 678 549 25
699 510 771 550 καὶ
792 509 935 551 ἰδοῖσα
964 510 1016 550 τὺ
1046 515 1104 566 τῷ
1120 509 1177 564 μὴ
1200 508 1356 559 ἰδόντι,
1378 508 1416 564 c)
1449 511 1599 550 XXVI
1624 513 1675 551 15
1704 515 1914 567 μαίνοντο

120 582 157 622 δ’
180 584 245 635 ἄρ’
278 581 388 621 εὐθὺ
424 581 495 620 καὶ
531 581 670 627 ἄλλαι,
703 578 747 632 d)
778 579 934 616 XXIII
966 581 990 618 3
1021 579 1093 619 καὶ
1130 578 1233 619 οὐδὲ
1270 578 1318 619 ἓν
1350 578 1512 633 ἅμερον
1544 577 1639 632 εἶχε.

234 650 377 689 Altera
407 662 498 701 pars
522 661 721 697 versuum,
752 648 793 685 in
827 648 970 700 quibus
1001 647 1117 701 pedis
1138 648 1268 700 quarti
1290 648 1479 687 trochaeo
1502 648 1744 689 vocabulum
1765 651 1915 699 finitur,

120 722 176 759 ita
207 725 435 771 comparata
466 724 538 766 est,
579 723 622 766 ut
653 718 763 770 prior
793 717 954 770 syllaba
984 718 1121 757 brevis
1151 717 1266 780 pedis
1298 719 1429 770 quarti
1463 719 1609 757 vocula
1639 720 1918 773 monosyllaba

117 803 141 827 a
170 787 429 840 sequentibus
460 801 539 826 non
571 786 797 825 dirimenda
820 787 1029 840 efficiatur,
1062 788 1172 826 velut
1204 787 1391 826 articulo:
1423 785 1469 841 a)
1497 787 1606 827 VIII
1628 791 1682 828 86
1711 788 1838 829 δωσῶ
1866 789 1918 829 τὰ

115 857 321 911 δίδακτρά
350 871 419 897 τοι
449 853 564 909 αἶγα,
595 855 694 895 ibid.
726 857 799 904 87,
840 855 881 900 b)
914 851 953 893 II
986 849 1061 904 643
1092 859 1166 894 XV
1198 857 1264 903 31,
1298 858 1366 903 55,
1401 857 1470 906 58,
1504 858 1577 905 69;
1612 855 1673 910 c)
1683 861 1814 896 XXVI
1846 860 1918 907 38,

115 933 183 965 aut
213 927 357 964 vocula
387 926 477 966 uoci:
521 926 566 963 Π
608 927 684 964 101
718 926 851 975 καλεῖ,
893 925 965 965 καὶ
995 924 1163 979 ὑφαγέο
1193 925 1312 979 τᾷδε,
1347 928 1478 964 XXVI
1511 927 1577 964 35.
1617 940 1917 979 nonnumquam
1969 917 1971 919 ¹

118 996 373 1035 cohaerentia
419 995 491 1033 illa
530 986 793 1034 antecedente
833 995 1158 1046 interpunctione
1189 995 1230 1033 in
1271 1008 1436 1034 caesura
1478 996 1808 1047 semiseptenaria
1849 996 1915 1035 ad-

115 1067 294 1104 iuvatur:
327 1063 368 1118 b)
400 1067 494 1103 XIV
523 1067 546 1103 2
577 1059 770 1118 χρόνιος,·
800 1064 844 1104 τί
871 1063 919 1104 δέ
948 1077 1016 1105 τοι
1045 1063 1095 1104 τὸ
1124 1064 1309 1117 μέλημα,
1341 1066 1390 1103 21
1425 1063 1663 1118 παρέοντος
1692 1063 1806 1118 ἐμεῦ.
1837 1065 1916 1105 τίν’

116 1134 227 1188 ἔχειν
272 1148 324 1187 με
369 1134 511 1182 δοκεῖς
540 1139 673 1184 νοῦν,
702 1132 853 1171 XVIII
886 1135 937 1171 38
970 1134 1094 1186 κόρα,
1125 1133 1176 1173 τὺ
1206 1132 1286 1186 μὲν
1317 1133 1471 1182 οἰκέτις
1500 1133 1600 1186 ἤδη;
1632 1131 1671 1187 c)
1704 1133 1831 1173 XVII
1864 1135 1917 1173 63

113 1205 271 1256 μελῶν
305 1202 328 1242 ὁ
360 1201 407 1242 δὲ
438 1201 567 1255 πατρὶ
598 1200 763 1251 ἐοικώς,
799 1202 877 1239 118
909 1202 1047 1254 μένει·
1079 1201 1131 1241 τὰ
1162 1201 1210 1241 δὲ
1239 1202 1373 1255 μυρία
1401 1207 1520 1254 τῆνα.
1554 1202 1692 1240 similis
1724 1208 1785 1240 est
1814 1202 1915 1240 ratio

114 1285 253 1309 versus
283 1271 367 1309 XV
403 1271 481 1308 117
516 1270 624 1310 ὅσσα
658 1263 694 1309 τ’
716 1268 801 1310 ἀπὸ
837 1271 1030 1324 γλυκερῶ
1068 1269 1236 1323 μέλιτος
1264 1271 1318 1310 τά
1353 1272 1387 1311 τ’
1416 1268 1464 1310 ἐν
1505 1269 1622 1326 ὑγρῷ
1665 1268 1806 1326 ἐλαίῳ,
1848 1270 1917 1309 ubi

114 1347 203 1393 post
234 1339 474 1380 vocabulum
505 1339 687 1392 μέλιτος,
733 1352 977 1391 quamquam
1014 1352 1095 1378 non
1126 1341 1437 1392 interpungitur,
1477 1345 1610 1379 tamen
1640 1341 1682 1379 in
1713 1339 1917 1379 recita-ndo

116 1423 196 1448 vox
235 1409 486 1461 aliquantum
531 1408 744 1447 retinenda
782 1414 854 1447 est.
897 1409 1035 1460 itaque
1074 1414 1264 1460 quattuor
1300 1414 1456 1447 tantum
1488 1415 1640 1448 restant
1670 1420 1808 1447 versus
1839 1408 1917 1447 huc
1949 1460 1951 1463 .

114 1480 378 1532 pertinentes:
412 1476 457 1532 a)
478 1477 586 1517 VIII
616 1479 669 1517 10
700 1479 859 1519 οὔποτε
887 1483 1077 1526 νικασεῖς
1105 1479 1162 1531 μ’,
1194 1477 1286 1519 οὐδ’
1318 1480 1361 1519 εἴ
1385 1493 1426 1519 τι
1456 1474 1617 1527 πάθοις
1645 1479 1736 1532 τύγ’
1759 1477 1917 1519 ἀείδων

116 1548 247 1604 (codd.
281 1563 306 1602 p
338 1554 378 1588 et
410 1547 439 1587 k
476 1546 514 1589 εἰ
543 1546 728 1597 παθέοις
752 1547 958 1587 exhibent.
990 1548 1043 1588 M.
1077 1547 1255 1587 Schmidt
1285 1549 1327 1587 in
1359 1549 1460 1588 Mus.
1492 1548 1622 1589 Rhen.
1655 1548 1735 1588 vol.
1767 1547 1916 1587 XXVI

117 1620 198 1658 177
221 1617 472 1657 scribendum
494 1630 581 1656 esse
598 1618 768 1655 coniecit
790 1619 948 1658 οὔποτε
975 1623 1166 1665 νικασεῖς
1184 1619 1241 1670 μ’,
1256 1617 1309 1657 οὐ
1332 1618 1436 1670 δῆτ’,
1458 1617 1580 1659 ἀθεεὶ
1609 1618 1660 1658 τύ
1682 1619 1719 1671 γ’
1743 1617 1915 1668 ἀείδων,

115 1686 223 1739 quod
268 1687 400 1725 minus
442 1684 655 1738 probabile
698 1699 785 1725 esse
815 1683 1008 1740 videtur),
1044 1686 1087 1724 X
1120 1688 1173 1726 27
1211 1685 1376 1740 ἰσχνάν,
1413 1685 1713 1738 ἁλιόκαυστον,
1750 1684 1833 1740 ἐγὼ
1867 1685 1916 1727 δὲ

113 1758 249 1810 μόνος
291 1755 570 1810 μελίχλωρον,
610 1753 651 1809 b)
697 1755 826 1794 XVII
872 1756 922 1794 15
966 1755 1054 1804 κείς
1096 1755 1190 1805 ἔτος
1231 1753 1274 1804 ἐξ
1310 1754 1426 1804 ἔτεος
1462 1756 1660 1797 Μενέλαε
1695 1755 1770 1797 τεὰ
1813 1755 1918 1804 νυὸς

115 1825 209 1875 ἅδε,
241 1823 280 1879 c)
312 1824 461 1863 XXIV
495 1826 574 1863 102
613 1825 834 1879 Τειρεσίας
863 1826 1059 1865 πολλοῖσι
1087 1825 1225 1879 βαρύς
1265 1837 1346 1879 περ
1392 1812 1477 1865 ἐὼν
1513 1823 1738 1873 ἐνιαυτοῖς.
1782 1818 1845 1862 his
1875 1825 1915 1862 in

114 1895 358 1933 hexametris
390 1893 572 1933 omnibus
606 1881 821 1933 observare
851 1894 947 1933 licet
969 1907 1189 1942 caesuram,
1222 1894 1272 1933 de
1294 1907 1375 1946 qua
1396 1907 1525 1933 sermo
1555 1900 1627 1942 est,
1661 1906 1761 1933 voce
1782 1893 1915 1945 excipi

115 1962 331 2016 bisyllaba,
354 1963 411 2001 ita
432 1963 607 2014 quidem,
631 1969 676 2002 ut
698 1963 893 2003 efficiatur
915 1977 1078 2002 caesura
1094 1969 1186 2016 post
1202 1964 1322 2002 arsim
1344 1964 1524 2015 quintam
1543 1959 1914 2018 (seminovenaria),

116 2047 234 2083 quam
265 2046 361 2079 rem,
395 2045 484 2069 cum
516 2033 752 2071 festinemus
782 2033 825 2070 in
856 2032 1073 2071 recitandis
1093 2033 1213 2070 huius
1234 2032 1342 2070 modi
1366 2031 1548 2070 versibus
1569 2045 1592 2069 a
1613 2046 1780 2070 caesura
1799 2032 1915 2083 pedis

114 2103 222 2141 tertii
255 2101 305 2140 ad
337 2115 544 2140 caesuram
575 2102 693 2140 illam
724 2102 1088 2141 seminovenariam
1119 2115 1252 2155 neque
1272 2102 1357 2140 fieri
1378 2102 1581 2154 patiamur
1603 2115 1806 2141 caesuram
1826 2107 1917 2154 post
1980 2124 1982 2126 ·

115 2171 247 2222 quarti
278 2170 393 2223 pedis
423 2171 669 2220 trochaeum,
705 2172 959 2210 excusationi
992 2184 1078 2211 esse
1099 2168 1298 2219 versibus,
1330 2171 1372 2208 in
1404 2170 1549 2223 quibus
1570 2170 1757 2210 vocabuli
1785 2170 1916 2209 exitus

119 2252 208 2278 cum
242 2246 384 2291 quarto
415 2240 604 2280 trochaeo
636 2242 840 2294 convenit,
881 2242 958 2280 iam
993 2240 1043 2281 G.
1075 2241 1286 2281 Hermann
1317 2238 1573 2296 intellexit2).
1613 2241 1787 2286 ceterum
1819 2240 1915 2293 quin

114 2308 238 2348 verba
265 2310 308 2350 εἴ
331 2321 373 2349 τι
401 2310 578 2361 πάθοις,
600 2308 684 2364 ἐγὼ
715 2309 764 2351 δὲ
790 2310 938 2364 μόνος,
968 2310 1106 2364 βαρύς
1125 2323 1207 2364 περ
1229 2308 1315 2351 ἐών
1335 2309 1422 2362 ipsa
1443 2314 1525 2348 tam
1548 2314 1632 2349 arte
1659 2309 1914 2361 cohaereant,

230 2467 259 2513 ¹)
285 2469 413 2501 Cetera
429 2469 591 2511 exempla
608 2473 706 2502 sunt:
724 2470 760 2511 a)
786 2470 803 2501 I
821 2472 877 2511 56,
897 2472 981 2513 151,
1006 2470 1060 2502 ΠΙ
1078 2471 1132 2510 16,
1152 2471 1213 2511 36,
1239 2469 1288 2501 IV
1306 2471 1339 2512 2,
1364 2471 1421 2511 30,
1436 2471 1491 2509 54,
1518 2471 1577 2511 60,
1603 2470 1635 2501 V
1653 2470 1708 2509 89,
1735 2471 1813 2512 105,
1838 2472 1916 2511 123,

117 2527 196 2567 135,
220 2527 306 2569 148,
329 2526 379 2558 VI
406 2527 463 2568 28,
488 2527 552 2567 36;
577 2525 647 2558 VII
672 2528 727 2569 20,
755 2527 812 2566 38,
837 2528 892 2567 60,
918 2528 974 2568 66,
1000 2528 1086 2569 100,
1111 2527 1163 2559 IX
1181 2528 1235 2568 16,
1261 2528 1317 2569 20,
1343 2529 1403 2570 32,
1430 2527 1464 2559 X
1488 2528 1551 2571 53,
1574 2526 1627 2559 XI
1651 2528 1683 2568 3,
1708 2527 1764 2568 11,
1788 2528 1844 2569 33,
1860 2528 1917 2568 40,

119 2585 176 2626 56,
201 2585 263 2625 69,
289 2583 320 2625 b)
347 2584 383 2616 11
407 2586 463 2626 34,
490 2585 546 2625 72,
571 2585 627 2627 98,
653 2585 733 2625 103,
758 2586 837 2626 138,
862 2586 940 2626 145,
966 2586 1050 2627 157,
1073 2584 1159 2617 XIV
1176 2586 1231 2628 15,
1257 2586 1312 2628 22,
1336 2587 1392 2626 27,
1416 2586 1472 2625 50,
1497 2586 1560 2625 56;
1584 2584 1651 2617 XV
1667 2586 1752 2626 148,
1777 2586 1807 2627 c)
1831 2585 1918 2618 XIII

117 2642 179 2684 51,
196 2641 283 2673 XVI
300 2642 383 2683 106,
409 2641 512 2674 XVII
530 2642 585 2682 66,
613 2642 667 2683 75,
686 2643 742 2684 91,
759 2643 814 2684 93,
841 2643 925 2684 137,
950 2642 1052 2674 xxn
1072 2644 1128 2682 33,
1152 2644 1207 2685 59,
1233 2644 1312 2684 132,
1337 2645 1415 2685 158,
1434 2641 1512 2685 162,
1538 2644 1614 2681 176,
1633 2643 1711 2683 210,
1736 2644 1815 2684 215,
1832 2644 1916 2685 220,

115 2699 234 2733 XXIV
260 2700 291 2739 1,
318 2700 382 2742 38,
406 2699 506 2732 XXV
523 2702 579 2741 37,
596 2703 653 2742 43,
679 2703 735 2743 60,
753 2702 808 2742 64,
835 2702 891 2742 97,
918 2702 996 2742 115,
1022 2701 1098 2741 138,
1118 2702 1196 2741 147,
1215 2703 1292 2744 172,
1312 2703 1390 2744 180,
1416 2703 1494 2743 193,
1520 2703 1598 2743 195,
1624 2702 1702 2742 202,
1727 2701 1804 2739 215,
1830 2702 1915 2742 269,

114 2758 186 2790 XlI
211 2759 274 2799 23,
301 2756 339 2799 d)
366 2757 432 2788 XX
458 2759 489 2796 1,
516 2759 550 2797 9,
578 2758 700 2791 XXIII
724 2760 786 2802 45,
813 2758 951 2790 XXVII
976 2761 1032 2798 43,
1058 2761 1113 2792 69.

235 2812 261 2857 ²)
287 2814 344 2846 De
369 2816 486 2846 aetate
511 2815 628 2856 script.
645 2814 776 2858 Argon.
802 2826 836 2858 p.
855 2817 932 2854 693,
957 2815 1019 2847 ubi
1044 2816 1138 2849 hunc
1162 2817 1199 2849 in
1216 2817 1359 2863 modum
1385 2820 1531 2850 excusat
1555 2826 1695 2848 versum
1719 2816 1823 2849 Hom.
1850 2816 1879 2848 Z
1895 2817 1915 2849 2

114 2930 269 2964 Homer'.
302 2940 336 2973 p.
369 2931 424 2964 26.

2032 2610 2046 2621 s

2024 2841 2051 2868 *ι’-’9.

2026 2867 2051 2904 Ξῖἓ,

2015 2955 2050 2973 ⁷.

2017 3028 2040 3047 ἐ·
