2051 3336
1829 83 1911 123 107

116 221 218 261 {eum
247 216 506 270 sequentibus
527 187 728 266 cohaere&
761 216 902 255 ceteris
922 215 1022 254 locis
1044 220 1153 253 extat
1173 214 1305 253 hiatus
1327 215 1368 252 in
1391 213 1486 252 sede
1508 212 1711 251 incisionis
1734 213 1916 251 semiter-

128 287 267 326 uariae
298 300 345 324 ac
374 284 614 324 vocabulum
644 285 873 338 ἀμφοτέρω
903 284 1088 335 graviore
1119 296 1213 321 sono
1245 283 1417 322 effertur.

207 365 381 421 ⁴Itaque
423 382 474 407 ex
516 367 698 407 omnibus
739 367 883 415 hiatus,
928 366 979 406 de
1016 379 1094 418 quo
1131 379 1238 405 nunc
1271 364 1396 405 verba
1426 365 1536 413 fiunt,
1584 362 1779 416 exemplis
1818 362 1916 404 haec

9 483 22 498 Ἃ
75 415 77 417 ¹
124 443 310 490 quattuor
339 442 545 488 superant:
577 432 812 474 XV111'58
843 436 965 490 γάμῳ
996 435 1066 475 ἐπὶ
1094 435 1202 488 τῷδε
1227 435 1397 487 χαρείης
1423 435 1501 482 IV;
1533 434 1662 472 XVII
1688 435 1767 471 106
1797 434 1916 487 δόμῳ

122 505 188 549 ἑνὶ
228 506 349 548 πίονι
389 505 547 561 χρυσός
587 505 660 554 IV,
698 505 831 543 XXII
869 506 922 544 94
961 505 1099 560 Τιτυῷ
1138 501 1375 556 ἐναλίγκιος
1412 503 1519 558 ἀνήρ
1558 503 1632 551 IV,
1669 501 1797 540 XXV
1835 502 1918 540 274

0 574 48 635 [j
72 578 75 580 ’
120 568 215 616 ·ἑσὶεὶ
244 575 325 616 οὐκ
355 574 450 616 ἔσκε
481 574 641 630 σιδήρῳ
668 575 745 624 IV;
777 588 875 626 quos
907 575 1040 612 hiatus
1068 586 1203 612 omnes
1225 579 1361 612 extare
1380 573 1561 611 videmus
1592 574 1632 611 in
1656 574 1733 612 arsi
1756 578 1913 624 quarta.

125 645 165 684 iu
194 644 508 697 versu-quidem
537 643 670 683 XXII
702 645 755 683 94
786 644 970 696 graviore
1000 641 1179 696 pondere
1209 642 1318 681 vocis
1346 642 1386 681 T
1382 646 1483 697 ιτυςό
1516 641 1646 680 hiatus
1679 642 1916 693 explicatur,

88 722 97 727 “
124 727 214 753 eum
254 713 437 753 versibus
483 719 617 751 autem
658 714 809 752 XVIII
852 714 905 751 58
950 719 989 751 et
1034 712 1162 751 XVII
1207 713 1287 750 106
1339 713 1519 749 conferas
1566 712 1688 749 velim
1731 712 1917 763 exempla

125 783 353 833 Homerica,
398 784 511 823 velut
554 785 595 824 Ε
628 785 712 824 4ἶ9
756 781 916 839 Ξάνθῳ
952 781 1022 824 ἔπι
1058 781 1247 836 δινήεντι
1283 781 1355 830 IV,
1395 781 1454 822 M
1488 782 1566 820 168
1606 780 1692 836 ὁδῷ
1724 779 1794 822 ἔπι
1823 794 1916 822 παι-

0 845 44 876 ·.*ξ
123 854 338 908 παλοέσσῃ
368 854 429 892 IV
460 859 571 901 cett.;
604 854 743 901 hiatui,
776 854 844 905 qui
869 849 935 892 'est
965 854 1006 891 in
1036 868 1075 894 v.
1109 853 1234 890 XXV
1267 853 1363 899 274,
1398 851 1475 889 duo
1496 865 1656 903 prorsus
1695 851 1842 889 similes
1876 853 1914 889 in

125 922 302 977 Odyssia
334 929 488 963 extant:
522 938 542 965 ε
574 924 657 963 364
687 919 848 977 νήξομ’,
891 920 983 964 ἐπεὶ
1013 921 1066 964 οὐ
1095 916 1176 976 μέν
1205 935 1245 963 τι
1277 926 1316 960 et
1345 923 1378 962 θ
1409 921 1491 962 585
1523 918 1700 973 ἐσθλόςῑ
1743 919 1834 962 ἐπεὶ
1865 919 1918 961 οὐ

64 1007 73 1043 j
99 987 203 1047 ’μέν
241 1006 297 1044 τι,
344 1004 443 1045 quos
485 992 592 1030 locos
623 992 836 1029 Hoffmann
852 990 880 1045 1)
919 992 1013 1042 legi,
1057 1004 1176 1042 quam
1220 990 1295 1028 sibi
1327 991 1509 1036 finxerat,
1557 991 1674 1027 nimis
1705 990 1918 1038 indulgens

56 1073 66 1116 J
125 1064 272 1102 iniuria
301 1062 571 1101 immutandos
603 1075 689 1101 esse
721 1061 871 1101 statuit.

1001 1154 1040 1209 β.

238 1245 474 1298 Syllabas
504 1245 683 1285 finales
720 1247 767 1284 in
810 1246 947 1285 hiatu
986 1246 1271 1298 con-locatas
1304 1246 1450 1284 etiam
1481 1247 1528 1283 in
1559 1246 1684 1284 thesi
1716 1245 1916 1297 produci

123 1330 239 1369 posse
281 1316 361 1355 iam
396 1331 436 1368 p.
470 1318 522 1357 99
555 1318 871 1356 memoravimus.
905 1316 1143 1356 Theocritus
1175 1323 1319 1369 autem,
1352 1317 1420 1369 qui
1453 1316 1671 1355 severiores
1706 1316 1745 1353 in
1779 1314 1916 1354 admit-

126 1383 248 1425 tendo
280 1384 391 1423 hiatu
422 1384 662 1437 sequebatur
692 1386 815 1437 leges,
860 1386 943 1425 eius
974 1385 1080 1424 modi
1109 1386 1389 1439 productiones
1432 1385 1678 1438 syllabarum
1718 1386 1918 1423 rarissime

124 1455 197 1494 sibi
230 1456 435 1494 concessit.
469 1456 727 1495 inveniuntur
749 1457 910 1508 quidem
941 1458 981 1495 in
1004 1456 1245 1496 carminibus
1277 1457 1360 1496 eius
1381 1456 1482 1495 haec
1503 1455 1708 1508 exempla:
1747 1458 1785 1505 a)
1813 1457 1833 1494 I
1863 1457 1910 1495 74

0 1519 9 1566 Ῑ
33 1532 47 1539 “
119 1524 278 1565 ,πολλαί
306 1524 348 1565 οἱ
379 1522 434 1579 (Ι)
445 1522 494 1580 2),
525 1525 591 1563 IX
615 1526 666 1562 19
696 1525 821 1580 χόρια
843 1526 913 1577 ζεῖ,
947 1525 995 1567 ἐν
1013 1526 1122 1580 πυρί
1142 1524 1254 1580 (IV);
1287 1526 1329 1580 b)
1351 1526 1433 1564 XV
1457 1528 1536 1564 129
1561 1525 1919 1578 ὀκτωκαιδεκέτης

122 1593 149 1646 ἢ
175 1593 457 1645 ἐννεακαίδεί
481 1594 505 1634 ὁ
534 1596 726 1648 γαμβρός
756 1594 879 1649 (III);
912 1594 950 1648 c)
983 1596 1110 1634 XVII
1134 1598 1185 1635 17
1218 1597 1292 1636 καί
1322 1596 1363 1637 οἱ
1383 1596 1563 1649 χρύσεος
1586 1592 1681 1649 (11),
1714 1596 1840 1634 XXV
1863 1596 1916 1635 57

0 1664 2 1666 ’
45 1682 48 1684 ’
122 1661 151 1716 ἥ
171 1662 213 1703 οἱ
238 1662 452 1717 νήριθμος
486 1664 602 1717 (III),
638 1665 720 1703 170
752 1663 960 1718 ἀτρεκέως
993 1664 1208 1719 ἢἌργεος
1230 1663 1347 1719 (III),
1381 1666 1462 1703 275
1491 1665 1624 1718 τμητὴ
1655 1664 1757 1705 οὐδὲ
1778 1665 1919 1712 λίθοις

122 1730 199 1785 (Ι);
231 1733 319 1770 XII
353 1734 408 1771 30
439 1733 526 1773 αἰεί
554 1733 596 1774 οἱ
625 1734 724 1787 περὶ
753 1734 919 1787 τύμβον
953 1731 1021 1787 (I).
1065 1735 1106 1772 in
1139 1734 1302 1786 edylliis
1345 1736 1521 1773 incertae
1553 1735 1717 1785 originis
1762 1734 1916 1771 nullum

96 1800 254 1841 *hiatus
297 1802 538 1855 exemplum,
584 1802 689 1855 quod
719 1802 798 1841 huc
839 1805 1052 1855 pertineat,
1095 1804 1313 1844 invenitur.
1357 1809 1451 1842 sunt
1481 1804 1604 1855 igitur
1633 1804 1740 1841 VIII
1772 1803 1916 1851 hiatus,

122 1884 292 1922 quorum
325 1870 402 1909 duo
434 1878 572 1910 extant
603 1873 643 1910 in
675 1872 780 1924 pede
809 1872 951 1925 primo,
986 1873 1151 1912 totidem
1179 1875 1219 1912 in
1242 1874 1377 1922 altero,
1410 1880 1491 1912 tres
1520 1875 1560 1911 in
1582 1875 1716 1921 tertio;
1751 1875 1790 1911 iu
1813 1873 1916 1912 thesi

124 1946 264 1994 quarta
294 1954 397 1981 unus
427 1940 544 1981 huius
576 1943 734 1993 generis
765 1942 896 1982 hiatus
927 1944 1141 1996 reperitur;
1176 1943 1245 1983 sed
1277 1943 1372 1997 quid
1407 1942 1660 1983 statuendum
1691 1944 1741 1982 sit
1774 1942 1822 1981 de
1843 1943 1918 1981 hoc

0 2001 24 2061 57
121 2011 224 2057 loco,
256 2011 360 2048 infra
389 2011 630 2052 videbimus,

237 2091 285 2130 In
316 2098 499 2131 naturam
541 2094 785 2144 singulorum
829 2096 1101 2148 exemplorum
1132 2096 1164 2135 si
1196 2096 1446 2147 inquirimus,
1484 2101 1576 2134 ante
1608 2096 1740 2134 omnia
1771 2110 1915 2136 memo-

88 2204 90 2206 *
121 2158 290 2198 randum
321 2165 380 2199 est
411 2166 596 2213 quattuor
627 2174 677 2200 ex
703 2162 765 2201 his
799 2168 886 2201 octo
915 2164 1010 2202 locis
1038 2162 1077 2218 (Ι
1106 2166 1177 2213 74;
1208 2164 1336 2201 XVII
1373 2165 1437 2211 17,
1471 2164 1597 2201 XXV
1631 2165 1695 2210 57,
1730 2165 1818 2202 XII
1847 2164 1919 2217 30)

122 2232 177 2269 ita
198 2243 283 2269 esse
310 2234 568 2283 comparatos}
600 2240 645 2272 ut
670 2233 822 2273 hiatum
853 2235 1027 2287 excipiat
1048 2235 1203 2274 dativus
1233 2236 1436 2287 pronomis
1465 2249 1661 2287 personae
1691 2236 1833 2275 tertiae
1861 2234 1917 2277 οἶ.

0 2300 30 2351 ζ’·
120 2298 214 2338 huic
244 2312 340 2339 vero
370 2302 596 2354 pronomini
616 2308 761 2355 poetae
783 2301 943 2353 Graeci,
977 2317 1055 2357 quo
1077 2305 1247 2357 quisque
1267 2304 1431 2357 propius
1453 2303 1503 2342 ad
1524 2318 1639 2342 usum
1655 2304 1915 2342 Homericum

122 2370 287 2419 accedit,
321 2384 367 2410 eo
399 2374 589 2412 maiorem
616 2375 699 2412 vim
730 2375 770 2412 in
800 2374 914 2414 hiatu
934 2375 1112 2415 tollendo
1144 2376 1392 2427 syllabisque
1423 2375 1688 2427 producendis
1719 2374 1916 2415 tribuunt.

0 2433 44 2447 “
116 2443 242 2493 >atque
279 2439 386 2494 apud
416 2440 676 2483 Theocritum
716 2448 829 2484 tanta
870 2443 1049 2485 eiusdem
1078 2444 1323 2498 pronominis
1353 2445 1414 2484 vis
1446 2443 1648 2483 observari
1680 2449 1824 2497 potest,
1875 2450 1919 2483 ut

0 2496 54 2567 ἒξ
119 2509 277 2548 duobus
307 2511 405 2547 locis
435 2512 475 2547 in
509 2513 749 2552 carminibus
780 2514 904 2564 epicis
925 2515 990 2551 vel
1014 2515 1155 2552 breves
1177 2516 1337 2552 vocales
1360 2515 1540 2551 dativum
1562 2514 1609 2553 οἷ
1625 2516 1916 2565 praecedentes

124 2579 167 2619 in
197 2580 275 2619 arsi
306 2581 460 2631 positae
490 2582 778 2633 producantur:
811 2583 959 2623 XXIV
979 2584 1033 2622 42
1067 2584 1092 2625 ὅ
1122 2584 1164 2626 οἱ
1194 2584 1387 2639 ὕπερθεν
1407 2583 1446 2623 V
1474 2581 1672 2638 (Hom.X
1690 2584 1773 2625 307
1796 2584 1845 2626 τό
1878 2584 1920 2626 οἱ

121 2648 208 2693 ὑπὸ
249 2650 445 2706 λαπάρην
486 2647 525 2707 Ι)
559 2656 598 2690 et
627 2639 753 2691 XXV
787 2653 866 2691 138
910 2652 982 2693 καὶ
1018 2653 1167 2694 σθένεϊ
1197 2652 1230 2710 ᾧ
1261 2653 1322 2692 VI
1362 2651 1434 2707 (=
1467 2653 1586 2693 Hom.
1621 2656 1669 2694 Π
1696 2652 1824 2708 542);
1869 2654 1918 2692 de

123 2720 312 2759 brevibus
343 2727 476 2759 autem
504 2721 673 2773 syllabis
694 2722 893 2771 finalibus,
925 2737 1028 2774 quae
1050 2730 1198 2761 exeunt
1219 2725 1259 2761 in
1283 2737 1489 2772 consonas,
1512 2727 1747 2776 insequente
1770 2724 1909 2763 eodem

237 2880 265 2924 ¹)
291 2881 344 2915 Cf.
370 2882 530 2923 Quaestt.
556 2881 662 2916 Hom,
689 2894 723 2926 p.
750 2885 806 2917 72.

235 2936 262 2983 ²)
288 2938 336 2972 Ut
358 2950 465 2985 supra
487 2942 642 2975 numeris
672 2941 802 2975 additis
832 2951 939 2985 arses,
974 2943 1025 2976 ita
1055 2943 1092 2975 in
1124 2942 1192 2976 hoc
1218 2943 1336 2977 hiatus
1360 2954 1490 2987 genere
1515 2944 1633 2978 theses
1660 2943 1914 2988 significantur.
