2051 3336
1847 81 1926 120 105

136 227 182 253 ea
214 213 325 252 valet
354 213 430 261 lex,
463 216 507 250 ut
537 213 747 270 vocabula,
781 225 948 265 quorum
980 211 1164 263 syllabae
1195 211 1333 249 finales
1357 211 1399 249 in
1420 209 1534 248 hiatu
1557 215 1650 248 sunt
1681 208 1928 256 conlocatae,

136 283 288 322 maiore
331 281 504 335 quodam
547 295 644 321 sono
687 283 766 322 sint
804 280 1001 334 praedita.
1049 286 1169 333 atque
1210 282 1251 319 in
1293 281 1435 334 primis
1476 280 1518 317 in
1562 291 1724 317 censum
1757 279 1926 317 veniunt

136 365 255 391 voces
293 350 609 403 monosyllabae,
654 351 767 389 velut
802 351 843 403 ἥ,
876 363 978 402 quae
1017 350 1159 388 vocula
1191 351 1365 402 septiens
1396 351 1552 388 ratione
1583 348 1655 386 illa
1692 353 1927 399 usurpatur:

53 449 57 451 >
138 421 221 460 v11
253 422 306 460 77
341 418 409 476 (I),
443 422 496 460 88
530 418 623 475 (V);
669 420 774 459 XVI
806 422 858 459 62
893 418 961 474 (Ι),
996 420 1048 457 '74
1083 417 1172 473 (Π),
1205 419 1331 458 XXII
1363 421 1414 459 58
1447 418 1533 474 (v),
1566 417 1712 458 XXIV
1746 419 1800 457 90
1832 416 1923 471 (ΙΙ),

138 491 261 529 XXV
296 491 378 530 197
411 488 508 545 (11);
542 491 591 528 cf.
624 490 746 528 Hom.
783 491 819 529 O
850 487 948 537 605,
981 491 1030 529 H
1058 491 1123 537 12,
1157 490 1196 528 P
1223 491 1303 528 227
1327 496 1419 529 cett.
1450 490 1635 528 similiter
1656 501 1718 526 res
1741 501 1784 526 se
1806 486 1930 525 habet

26 534 46 555 *q
89 596 94 599 .
137 562 178 599 in
211 560 384 600 voculis:
430 561 463 601 ὥ
494 560 575 599 XV
610 554 698 599 123
726 558 794 614 (Ι),
838 556 871 600 ὦ
909 560 1147 611 insequente
1181 560 1383 598 vocativo:
1421 560 1525 598 XVI
1560 561 1639 599 104
1674 556 1741 613 (Ι),
1781 558 1930 597 XVIII

136 630 191 668 50
228 628 298 683 (Ι),
343 630 475 673 XXII
504 631 556 668 22
603 627 671 683 (Ι),
715 629 838 667 XXV
873 629 952 667 193
1002 626 1072 683 (Ι),
1118 629 1166 666 cf.
1211 628 1330 667 Hom.
1379 629 1420 668 A
1451 631 1515 676 74,
1559 630 1598 668 Λ
1629 629 1713 667 430
1745 628 1827 674 all.,
1862 624 1928 667 εὖτ

141 699 222 738 VII
255 701 278 738 7
311 697 359 740 εὖ
390 698 713 753 ἐνερεισάμενος
742 700 768 736 I·
793 695 930 753 (Hom.
955 712 978 738 τ
1009 699 1094 737 460
1126 695 1174 739 εὖ
1206 698 1432 751 ἰησάμενοι
1463 696 1513 751 Ι),
1548 698 1602 738 εἰς
1635 697 1757 736 XXV
1784 699 1862 735 173
1896 695 1933 736 εἰ

135 766 256 808 ἐτεόν
285 780 369 822 περ,
402 768 424 805 Ι
456 764 591 821 (Hom.v
636 768 686 806 Ν
712 769 792 806 375
827 767 864 808 εἰ
894 766 1014 807 ἐτεὸν
1044 767 1095 820 δή
1126 766 1178 818 Ι).
1230 767 1369 805 eodem
1408 766 1525 804 modo
1556 768 1597 804 in
1629 767 1739 804 hiatu
1771 766 1929 804 articuli

135 837 287 875 formae
336 837 468 889 longis
519 836 686 889 syllabis
728 837 964 875 terminatae
1011 837 1090 873 iam
1132 836 1239 888 apud
1283 836 1504 874 Homerum
1547 842 1630 873 tum
1681 836 1929 887 potissimum

133 912 387 958 usurpantur,
437 920 525 944 cum
567 896 812 958 pronominis
841 906 1154 962 'demonstrativi
1219 906 1307 944 vice
1337 906 1574 960 funguntur,
1621 905 1722 942 hanc
1771 904 1930 956 quidem

137 976 477 1028 ‘significationem
523 975 689 1015 exbibet
730 975 837 1028 apud
883 975 1142 1014 Theocritum
1182 975 1325 1014 vocula
1362 980 1419 1030 τῷ
1462 976 1501 1013 in
1539 989 1578 1014 v.
1624 974 1752 1013 XVII
1791 976 1843 1012 38
1874 979 1931 1029 τῷ

75 1054 78 1057 ’
140 1047 315 1086 οὔπωἸ
346 1045 488 1099 (Hem.
522 1045 562 1092 Ξ
591 1047 670 1084 126
702 1051 760 1100 τῷ
792 1045 872 1086 οὐκ
903 1047 957 1085 ἄν
987 1043 1037 1098 Ι).
1073 1045 1143 1084 sed
1175 1046 1413 1085 Theocritus
1445 1046 1565 1083 etiam
1597 1046 1744 1083 formas
1777 1044 1931 1081 articuli

136 1115 208 1153 tali
237 1115 277 1153 vi
310 1120 490 1159 carentes
521 1128 822 1166 nonnumquam
854 1113 993 1154 eadem
1025 1115 1179 1153 ratione
1227 1114 1428 1152 adhibuit:
1491 1114 1550 1153 IV
1583 1116 1635 1153 22
1668 1118 1721 1168 τᾷ
1752 1113 1867 1167 ’Ἡρα
1898 1114 1930 1159 Ι,
2000 1128 2004 1134 ⁴

140 1185 182 1223 X
217 1186 271 1223 30
302 1183 329 1224 ἁ
360 1182 427 1233 αἴξ
458 1185 491 1233 Ι,
520 1186 572 1223 33
596 1189 649 1238 τᾷ
675 1184 911 1239 Αφροδίτα·
931 1185 981 1232 V,
1013 1184 1077 1222 XI
1112 1186 1162 1223 12
1195 1185 1373 1225 πολλάκι
1400 1184 1469 1224 ταὶ
1491 1185 1577 1232 ὄιες
1604 1184 1657 1222 II.
1693 1184 1752 1221 bis
1784 1183 1931 1234 legitur

143 1254 184 1291 in
208 1253 327 1292 hiatu
359 1253 476 1291 huius
506 1254 664 1305 'generis
687 1254 846 1292 dativus
868 1255 1116 1305 pronominis
1145 1255 1303 1292 relativi
1326 1254 1377 1308 ᾧ;
1410 1254 1537 1291 XVII
1562 1255 1641 1291 104
1666 1255 1698 1295 ὦ
1721 1251 1931 1305 ἐπίπαγχυ

137 1324 169 1371 Ι,
205 1322 302 1361 ibid.
340 1325 420 1362 114
452 1323 485 1376 ᾧ
519 1322 571 1364 οὐ
603 1323 792 1364 δωτίναν
822 1325 843 1362 Ι
876 1322 1012 1377 (Hom.
1047 1325 1087 1363 A
1122 1325 1198 1363 162
1233 1322 1267 1379 ᾧ
1299 1323 1368 1364 ἔπι
1399 1322 1454 1377 Ι).
1488 1359 1491 1361 ,

252 1393 433 1444 Dignu‘m
466 1406 560 1431 vero
596 1399 667 1441 est,
701 1393 807 1447 quod
838 1400 1090 1441 memoretur,
1124 1393 1221 1432 duas
1251 1400 1388 1445 partes
1420 1393 1562 1431 horum
1595 1392 1775 1430 hiatuum
1809 1392 1930 1445 (XIV

138 1463 242 1503 iuter
273 1460 397 1515 XXI)
438 1463 604 1515 reperiri
636 1463 676 1501 in
708 1464 787 1502 arsi
817 1463 931 1515 pedis
963 1464 1093 1515 primi.
1137 1463 1256 1501 etiam
1287 1464 1327 1508 in
1359 1462 1537 1501 Homero
1571 1461 1842 1517 exhiatibus,
1889 1462 1929 1499 in

142 1530 284 1584 quibus
328 1531 632 1585 monosyllabae
676 1538 814 1572 extant
861 1532 1040 1581 voculae,
1073 1533 1235 1585 plurimi
1275 1531 1454 1586 (LXXX
1485 1533 1589 1570 inter
1621 1530 1833 1579 CCXXX]
1873 1532 1925 1569 in·

83 1599 86 1602 ’
140 1601 358 1640 veniuntur
400 1602 441 1640 in
485 1604 565 1641 arsi
593 1604 747 1654 .prima;
794 1603 866 1641 sed
904 1603 1009 1655 apud
1048 1603 1308 1641 Theocritum
1347 1603 1454 1641 hunc
1491 1616 1607 1640 usum
1645 1603 1765 1640 etiam
1810 1602 1930 1639 latius

137 1677 275 1724 patere
306 1671 501 1710 videmus.
905 1726 907 1728 ‚

250 1740 449 1780 Graviore
471 1755 568 1781 sono
583 1755 702 1781 voces
725 1755 884 1794 quoque
906 1743 994 1794 plus
1017 1756 1138 1781 unam
1154 1742 1360 1795 syllabam
1378 1743 1689 1794 complectentes
1713 1743 1930 1780 instructae

137 1824 224 1850 esse
260 1817 442 1863 possunt.
487 1817 608 1863 atque
647 1812 865 1851 hocvalet
896 1807 936 1851 in
967 1813 1107 1864 primis
1140 1812 1189 1851 de
1224 1813 1426 1864 epithetis,
1475 1826 1642 1864 quorum
1675 1813 1796 1850 etiam
1828 1825 1931 1863 quae

137 1881 345 1919 tritissima
384 1887 475 1919 sunt
507 1894 678 1934 eamque
716 1883 765 1920 ob
798 1896 959 1933 causam
991 1883 1160 1921 multum
1192 1882 1353 1935 pristini
1384 1884 1446 1921 sui
1478 1881 1667 1934 ponderis
1700 1883 1930 1933 amiserunt,

64 1949 71 1952 ”
139 1949 501 2000 apud'Homerum
533 1952 781 2002 saepissime,
815 1950 1048 2003 praesertim
1081 1953 1114 1989 si
1145 1952 1234 1990 aliis
1266 1952 1473 1990 vocabulis
1505 1966 1528 1990 a
1560 1952 1823 1990 substantivis
1850 1953 1932 1990 suis

142 2019 419 2071 sejunguntur,
452 2020 493 2057 in
526 2019 651 2068 hiatu,
684 2023 1063 2072 quem‘tractamus‚
1096 2022 1229 2074 posita
1259 2022 1524 2073 reperiuntur.
1559 2035 1581 2060 e
1612 2022 1818 2060 Theocriti
1850 2035 1932 2060 car·

138 2088 312 2127 minibus
344 2087 422 2126 huc
452 2088 653 2128 referendi
686 2095 778 2128 sunt
808 2089 850 2128 hi
872 2090 970 2130 loci:
994 2089 1039 2145 a)
1062 2092 1084 2130 I
1107 2093 1158 2131 98
1183 2093 1373 2145 ’Ἑρωτος
1400 2091 1470 2132 ὑπ’
1489 2091 1682 2146 ἀργαλέω
1703 2092 1931 2146 ὲλυγίχθης

108 2172 111 2175 ’
138 2155 225 2213 (ΧΤ),
252 2158 294 2198 X
326 2160 379 2198 28
412 2157 439 2200 ἁ
469 2159 637 2215 γραπτὰ
667 2159 879 2210 ὑάκινθος
910 2158 1003 2216 (ΧΤ);
1047 2158 1089 2215 b)
1122 2161 1166 2201 ΙΙ
1197 2162 1250 2201 46
1284 2160 1539 2216 ἐυπλοκάμῳ
1580 2162 1800 2217 Ἀριάδνας
1843 2160 1930 2217 (ΧΤ),

82 2223 85 2225 ’
136 2228 241 2267 XIV
273 2230 326 2268 49
360 2228 589 2285 ἀτιμοτάτῃ
622 2228 687 2270 ἐνὶ
717 2231 846 2286 μοίρῃ
879 2232 966 2285 (ΧΤ),
1011 2232 1092 2269 XV
1127 2233 1207 2272 102
1241 2231 1382 2272 ἀενάῳ
1422 2232 1664 2286 Ἀχέροντος
1711 2232 1796 2287 (V),
1851 2235 1930 2271 123

136 2300 272 2339 λευκὼ
315 2298 547 2353 ἐλέφαντος
591 2300 676 2354 (ΧΤ),
724 2302 874 2340 XVIII
920 2304 971 2341 28
1019 2301 1046 2342 ἁ
1087 2302 1246 2356 χρυσέα
1297 2302 1445 2343 Ἑλένα
1492 2301 1611 2356 (ΙΙΙ),
1657 2302 1696 2356 c)
1736 2302 1844 2341 XIII
1878 2305 1930 2342 49

107 2396 110 2399 -
139 2368 308 2423 Ἀργείῳ
339 2367 409 2409 ἐπὶ
439 2369 564 2409 παιδί
601 2368 692 2423 (ΙΙ),
731 2370 836 2408 XVI
875 2372 923 2408 31
960 2369 1029 2410 ἐπὶ
1058 2376 1228 2424 ψυχροῦ
1261 2371 1504 2424 Ἀχέροντος
1535 2371 1620 2425 (ΧΤ),
1655 2374 1706 2409 41
1743 2378 1930 2424 στυγνοῦ

138 2438 392 2492 Ἀχέροντος,
422 2438 522 2493 (ΧΤ),
551 2440 679 2478 XVII
722 2442 774 2479 79
820 2438 1021 2493 χθαμαλὰ
1065 2441 1284 2493 Αἴγυπτος
1328 2440 1412 2494 (ΧΤ),
1458 2441 1588 2479 XXII
1623 2443 1700 2479 141
1743 2441 1931 2494 ἀποφθι-

124 2506 270 2560 μένου
296 2509 511 2563 -Ἀφαρῆος
543 2507 628 2562 (ΧΤ),
660 2509 807 2547 XXIV
830 2510 883 2548 27
902 2510 1041 2563 ’βαρεῖ
1068 2508 1298 2562 ένεδήσατο
1332 2509 1472 2564 δεσμῷ
1496 2508 1604 2563 (ΙΧΤ),
1634 2513 1712 2549 118
1734 2511 1932 2565 βλοσυρῷ

137 2571 325 2617 ἐπέκειτο
367 2577 584 2634 προσώπῳ
628 2575 736 2632 (ΙΧΤ),
780 2577 906 2626 XXV
950 2579 1032 2618 209
1079 2578 1165 2620 ὑπὸ
1210 2579 1346 2635 ζαθέῳ
1398 2580 1594 2620 Ἑλικῶνι
1639 2578 1726 2635 (ΧΤ).
1786 2581 1934 2619 similia

78 2646 82 2658 ⁹
138 2648 324 2699 exempla
368 2653 408 2686 et
451 2648 557 2699 apud
589 2648 811 2686 Homerum
850 2654 889 2687 et
927 2649 968 2687 in
999 2649 1171 2688 aliorum
1201 2657 1409 2702 poetarum
1441 2650 1685 2689 carminibus
1716 2658 1778 2689 sat
1809 2651 1932 2689 multa
1973 2650 2000 2665 ”

72 2761 74 2763 ,
98 2734 102 2738 ·
135 2717 412 2769 reperiuntur,
435 2718 484 2756 cf.
502 2717 621 2756 Hom.
638 2733 665 2759 α
687 2720 769 2759 426
791 2718 1057 2776 περισκέπτῳ
1078 2718 1144 2761 ἐνὶ
1163 2720 1286 2775 χώρῳ
1310 2718 1395 2774 (ΧΤ),
1418 2719 1515 2758 ibid,
1536 2721 1618 2759 253
1642 2720 1932 2774 ἀποιχομένου

142 2786 352 2846 Ὀδυσῆος
398 2786 470 2841 (ΧΤ)
518 2788 605 2840 all.;
664 2789 763 2827 Hes.
811 2788 888 2840 Op.
935 2791 1019 2828 540
1057 2777 1182 2844 ’δολίῃ
1229 2788 1298 2829 ἐπὶ
1341 2788 1466 2844 τέχνῃ
1511 2788 1597 2844 (V),
1643 2789 1800 2841 Theog.
1847 2791 1931 2830 980

130 2854 416 2909 πολυχρύσου
448 2855 697 2912 Ἀφροδίτης
728 2854 801 2913 (V)
846 2857 936 2912 all.;
982 2857 1174 2912 Apollon.
1221 2857 1320 2911 Arg.
1359 2860 1401 2899 A
1433 2860 1487 2899 60
1520 2859 1666 2915 σκοτίῃ
1712 2857 1777 2900 ἐνὶ
1807 2859 1933 2901 νυκτί

133 2921 220 2977 (V),
253 2924 294 2963 A
324 2925 406 2963 644
448 2923 734 2979 έποιχομένου
778 2926 1037 2981 Ἀχέροντος
1066 2927 1153 2982 (ΧΤ),
1200 2930 1242 2969 Γ
1268 2930 1375 2968 1342
1409 2928 1480 2969 ὑπ’
1513 2928 1715 2984 ἀκαμάτῳ
1754 2929 1932 2982 ἀροτῆρι
