2051 3341
131 236 279 275 XLIII
310 238 512 288 gravius);
558 235 598 291 σῃ
635 239 741 277 inter
769 253 837 278 vv.
871 237 1049 277 CLXIX
1079 251 1197 276 earm.
1231 238 1325 279 dub.
1358 239 1399 278 in
1431 254 1498 279 vv.
1531 241 1648 280 va
1679 241 1746 280 vel
1778 237 1937 293 saeos,

134 303 194 361 (in
224 306 464 345 XXXVIII
494 307 638 356 lenius,
670 308 710 345 in
741 307 909 345 XXVII
939 305 1134 361 gravius).
1937 304 1941 306 ’

251 376 380 416 Simul
426 391 476 416 ex
522 377 584 415 his
626 378 800 415 numeris
844 376 1013 427 adparet
1054 377 1095 415 in
1141 376 1304 429 edylliis
1344 380 1504 428 generis
1540 379 1712 418 bucolici
1743 385 1865 431 atque
1895 378 1946 416 in'

133 448 278 500 primis
320 447 468 486 mimici
511 447 636 486 multo
675 446 836 499 saepius
872 446 1103 500 interpungi
1134 460 1253 499 quam
1286 447 1326 486 in
1359 446 1523 500 edylliis
1554 449 1693 502 epicis.
1741 461 1845 503 quae
1875 461 1938 487 res
2010 486 2015 490 ,

136 518 379 569 explicanda
423 510 508 555 esse
539 517 698 555 videtur
736 531 786 555 ex
823 519 911 568 ipso
950 517 1108 556 dicendi
1147 531 1309 569 genere,
1355 518 1461 569 quod
1492 520 1531 556 in
1563 516 1688 558 variis
1719 520 1937 558 carminum

138 587 354 640 generibus
384 589 539 627 varium
573 593 644 628 est.
678 588 718 625 in
752 587 876 640 epicis
909 586 1070 641 quidem
1104 587 1265 641 edylliis
1298 583 1385 628 cu'm
1409 588 1651 628 Theocritus
1684 587 1824 628 eadem
1856 588 1940 627 fere

137 658 325 705 dictione,
367 672 447 708 qua
478 654 745 695 Callimachus
789 658 939 708 aliique
982 659 1160 696 eiusdem
1204 660 1347 697 aetatis
1391 665 1535 710 poetae
1579 659 1697 706 docti,
1741 672 1835 697 usus
1874 660 1939 706 sit,

136 727 354 763 carminum
379 725 647 764 bucolicorum
669 732 708 764 et
729 726 976 764 mimicorum
1008 727 1135 765 oratio
1158 727 1206 765 ad
1238 728 1379 779 populi
1400 739 1621 766 sermonem
1643 727 1768 778 magis
1789 739 1939 764 accom-
1958 717 1962 722 ’

135 794 297 832 modata
327 794 478 832 maiore
508 794 765 846 simplicitate
801 794 968 846 insignis
1011 794 1343 847 brevioribusque
1374 796 1560 835 membris
1604 801 1790 835 contexta
1821 793 1936 848 est1).

251 851 569 902 Caes'urarum
614 870 747 902 autem
790 866 882 913 vis,
934 872 978 903 ut
1020 865 1236 903 accedente
1278 866 1601 918 interpunctione
1651 871 1831 918 augetur,
1884 864 1940 902 ita

72 929 76 932 ⁴
133 933 422 986 infringitur
454 933 552 972 alia
582 933 826 973 incisione
857 933 996 972 iuxta
1026 932 1414 991 praecedente2).
1452 948 1532 988 qua
1563 934 1613 974 de
1645 948 1766 974 causa
1797 933 1937 973 eodem

134 1006 219 1042 fere
261 1005 391 1052 modo,
437 1018 516 1055 quo
559 1006 600 1042 in
639 1017 778 1042 versus
821 1006 944 1051 exitu,
993 1006 1112 1042 etiam
1156 1007 1196 1042 in
1235 1006 1314 1043 fine
1345 1007 1490 1056 prioris
1520 1006 1762 1044 hemistichii
1794 1011 1939 1056 poetae

135 1075 335 1115 vocabula
377 1074 654 1128 monosyllaba
697 1081 856 1128 praeter
900 1074 1117 1124 encliticas,
1166 1088 1269 1127 quae
1312 1074 1362 1114 ad
1405 1089 1640 1129 praegressa
1676 1080 1762 1115 arte
1799 1087 1842 1114 se
1875 1072 1939 1113 ad-

136 1144 302 1196 plicant,
355 1144 484 1182 vitare
533 1144 731 1183 solebant.
782 1150 876 1182 ante
926 1145 1168 1183 trochaicam
1221 1145 1382 1196 quidem
1425 1146 1533 1183 tertii
1577 1146 1692 1198 pedis
1736 1157 1939 1182 caesuram

137 1215 375 1252 Theocritus
420 1215 604 1253 voculam
648 1214 968 1266 monosyllabam
1014 1229 1084 1253 suo
1130 1228 1227 1253 sono
1269 1215 1492 1266 praeditam
1534 1216 1596 1254 his
1642 1221 1798 1254 tantum
1841 1214 1939 1253 locis

137 1285 287 1336 posuit:
327 1281 368 1337 a)
399 1282 466 1324 IX
499 1284 552 1322 24
585 1282 798 1337 αὐτοφυῆ,
839 1282 919 1324 τὰν
951 1282 1042 1324 οὐδ’
1063 1284 1134 1332 ἄν;
1178 1280 1212 1337 c)
1242 1281 1375 1324 XXV
1409 1285 1490 1324 236
1530 1271 1767 1339 ἀσχαλόων,
1811 1283 1836 1324 ὅ
1864 1296 1939 1336 μοι

136 1353 159 1393 ὁ
190 1354 294 1408 πρίν
339 1354 417 1406 (est
454 1354 651 1404 scriptura
681 1367 704 1391 a
737 1352 786 1391 G.
822 1354 1056 1391 Hermanno
1088 1355 1315 1405 proposita;
1361 1354 1452 1393 libri
1496 1368 1546 1394 m.
1579 1368 1655 1394 scr.
1688 1360 1758 1392 aut
1788 1353 1836 1401 ὅς
1865 1366 1939 1405 μοι

135 1424 238 1478 πρίν
272 1421 380 1475 [Vat.
418 1421 515 1476 915]
550 1429 619 1465 aut
650 1423 708 1472 ὥς
737 1438 812 1477 μοι
841 1423 945 1478 πρίν
977 1421 1108 1476 [codd.
1155 1426 1220 1470 11,
1268 1425 1331 1475 18,
1370 1438 1417 1472 w,
1452 1422 1487 1477 c]
1531 1421 1760 1476 exhibent)3
1794 1421 1940 1461 deinde

136 1493 299 1531 deciens
330 1493 604 1530 nominativus
635 1493 882 1544 pronominis
914 1506 1110 1543 personae
1143 1493 1307 1530 alterius
1335 1491 1420 1546 (τύ,
1450 1491 1523 1547 σύ)
1554 1494 1702 1544 legitur
1733 1505 1820 1531 cum
1842 1505 1940 1529 voce

138 1562 406 1614 praecedente
437 1576 593 1614 semper
624 1568 709 1601 arte
740 1575 937 1601 conexus:
968 1558 1010 1615 a)
1040 1559 1110 1602 III
1144 1564 1209 1611 11,
1242 1559 1307 1603 IV
1330 1563 1398 1612 27,
1429 1560 1472 1603 V
1494 1563 1561 1609 24,
1595 1563 1662 1611 25,
1694 1563 1764 1613 40,
1795 1559 1839 1602 X
1871 1562 1941 1609 193

136 1629 174 1684 b)
206 1629 316 1671 XIV
352 1634 417 1678 10,
457 1632 533 1679 34;
577 1629 611 1685 Q
642 1629 779 1671 XXII
815 1633 908 1679 117,
945 1630 1037 1671 XII
1068 1632 1106 1670 8.
1160 1631 1354 1669 accedunt
1394 1632 1563 1670 voculae
1604 1632 1699 1684 μέν,
1741 1631 1803 1681 δέ,
1844 1631 1941 1683 γάρ,

138 1715 255 1753 quae,
287 1714 376 1739 cum
409 1701 683 1739 encliticarum
713 1715 811 1753 prae
848 1715 891 1740 se
927 1702 1059 1740 ferant
1088 1707 1283 1751 naturam,
1330 1707 1392 1740 sat
1428 1715 1549 1755 saepe
1581 1707 1674 1740 ante
1704 1701 1845 1753 ipsam,
1892 1699 1942 1738 de

139 1784 220 1823 qua
262 1772 407 1822 agitur,
453 1783 659 1808 caesuram
701 1771 908 1821 leguntur;
954 1784 1053 1822 quos
1094 1771 1205 1810 locos
1248 1771 1354 1808 infra
1396 1770 1586 1809 adferam.
1633 1783 1773 1809 vocem
1815 1770 1939 1820 igitur

139 1841 463 1892 monosyllabam
495 1847 589 1879 ante
609 1841 853 1879 trochaicam
883 1854 1088 1880 caesuram
1118 1841 1235 1893 pedis
1265 1842 1374 1880 tertii
1406 1841 1653 1880 conlocatam
1677 1839 1786 1893 apud
1808 1839 1938 1878 Theo-

138 1912 278 1949 critum
320 1923 479 1962 semper
520 1916 601 1948 tam
646 1916 731 1948 arte
770 1923 858 1948 cum
897 1909 1161 1949 antecedente
1194 1910 1422 1962 copulatam
1464 1923 1563 1962 esse,
1609 1916 1654 1948 ut
1694 1910 1807 1948 nulla
1836 1910 1942 1947 inter

137 1994 204 2019 eas
235 1979 432 2019 sentiatur
462 1980 617 2028 incisio,
651 1964 748 2018 satis
778 1984 905 2031 patet.

251 2050 314 2090 Ac
344 2050 528 2089 similiter
559 2063 622 2089 res
654 2063 697 2089 se
729 2048 869 2097 habet,
904 2048 971 2088 ubi
1004 2054 1097 2088 ante
1119 2049 1448 2101 semiquinariam
1480 2062 1683 2088 caesuram
1705 2048 1944 2088 Theocritus

136 2121 229 2159 voci
261 2119 567 2173 monosyllabae
589 2118 723 2159 sedem
747 2118 986 2171 adsignavit.
1020 2119 1062 2157 in
1083 2119 1234 2157 maiore
1257 2124 1364 2158 certe
1394 2124 1512 2171 parte
1541 2132 1742 2166 versuum,
1776 2119 1845 2171 qui
1864 2117 1944 2157 huc

138 2192 356 2243 pertinent,
388 2204 529 2229 vocem
550 2188 868 2241 monosyllabam
898 2190 939 2227 in
963 2189 1041 2228 arsi
1063 2189 1182 2228 tertia
1203 2189 1449 2228 conlocatam
1470 2189 1668 2245 vocabula
1688 2187 1943 2236 antecedunt,

138 2274 244 2313 quae
266 2274 423 2313 semper
444 2274 534 2299 cum
557 2259 815 2311 sequentibus
839 2260 985 2298 artiore
1006 2259 1169 2298 vinculo
1193 2259 1448 2312 copulantur,
1470 2259 1584 2298 velut
1604 2258 1942 2311 praepositiones:

136 2328 178 2384 a)
198 2329 219 2370 I
242 2331 295 2369 37
318 2331 476 2370 ἄλλοκα
506 2329 543 2369 δ’
567 2326 623 2369 αὗ
642 2329 743 2369 ποτὶ
773 2328 851 2368 τὸν
879 2327 1021 2381 ῥιπτεῖ
1037 2328 1159 2377 νόον,
1192 2328 1233 2368 οἱ
1264 2328 1301 2368 δ’
1323 2327 1395 2368 ὑπ’
1418 2327 1591 2382 ἔρωτος,
1613 2328 1651 2366 V
1674 2329 1727 2366 57
1753 2326 1943 2381 δέρματα

135 2405 223 2441 τῶν
244 2399 362 2454 παρὰ
383 2400 466 2450 τίν,
485 2399 551 2438 ΧΙ
573 2400 625 2438 52
647 2399 878 2459 καιόμξνος
898 2397 935 2438 δ’
956 2396 1043 2438 ὑπὸ
1063 2402 1175 2448 τεῢς,
1197 2397 1250 2437 55
1275 2395 1333 2446 ὡς
1354 2397 1539 2439 κατέδυν
1558 2397 1658 2439 ποτὶ
1677 2397 1762 2448 τίν;
1794 2394 1831 2451 b)
1852 2396 1898 2439 II
1919 2397 1943 2436 8

135 2470 349 2522 βασεῢμαι
378 2468 478 2510 ποτὶ
506 2468 602 2519 τάν,
635 2469 688 2507 97
716 2467 905 2521 τήρησον
935 2466 1035 2508 ποτὶ
1064 2467 1162 2512 τάνς
1194 2464 1235 2519 d)
1255 2466 1363 2505 XXI
1386 2468 1440 2506 60
1461 2466 1565 2507 ἀλλὰ
1594 2466 1740 2520 μένειν
1769 2465 1839 2507 ἐπὶ
1867 2470 1947 2520 γᾶς

140 2540 222 2586 (vv.
254 2536 324 2578 III
358 2540 395 2586 1,
426 2537 470 2576 X
502 2539 575 2587 29;
609 2550 642 2577 c.
684 2536 779 2576 dub.
811 2535 933 2574 XXI.
965 2549 1007 2574 v.
1047 2537 1100 2574 47
1132 2535 1209 2574 hoc
1250 2535 1340 2575 loco
1371 2536 1412 2575 in
1456 2549 1619 2575 censum
1662 2536 1822 2575 omnino
1864 2549 1945 2575 non

138 2606 277 2645 venire
307 2620 358 2645 ex
389 2608 461 2655 eis,
494 2620 598 2659 quae
629 2620 669 2658 p.
702 2607 755 2645 42
789 2619 848 2658 sq.
882 2606 1063 2658 exposui,
1097 2603 1302 2660 adparet);
1336 2611 1405 2644 aut
1435 2605 1644 2658 praecedit
1673 2605 1820 2645 vocula
1851 2605 1943 2645 καίε

138 2674 180 2730 a)
210 2676 253 2714 X
287 2675 544 2732 2375970c3fi·
588 2677 661 2717 καὶ
696 2677 802 2730 poem
847 2673 885 2729 b)
915 2674 962 2716 II
995 2676 1074 2715 155
1106 2672 1132 2729 ἧ
1169 2676 1253 2730 γάρ
1282 2691 1358 2729 μοι
1387 2675 1459 2716 καὶ
1488 2676 1593 2730 τρίς,
1636 2682 1705 2714 aut
1735 2674 1944 2714 articulus:

137 2744 206 2786 XI
238 2746 292 2785 79
325 2745 458 2798 δῆλον
488 2745 547 2786 ὅτ’
579 2744 627 2787 ἐν
666 2750 720 2798 τᾷ
761 2749 839 2800 γᾷ,
869 2751 939 2783 aut
970 2745 1197 2784 coniunctio
1229 2745 1348 2785 αἴκα;
1380 2745 1418 2783 V
1450 2747 1501 2784 21
1537 2744 1622 2785 ἀλλ’
1637 2741 1700 2785 ὧν
1730 2744 1830 2784 αἴκα
1858 2744 1948 2799 λῇς)

137 2823 207 2854 aut
227 2815 443 2863 vocabula,
475 2830 642 2867 quorum
670 2817 822 2855 vocalis
853 2816 986 2854 finalis
1019 2815 1116 2854 elisa
1149 2821 1229 2854 est:
1261 2813 1375 2855 XIII
1400 2817 1453 2855 10
1476 2814 1675 2855 οὐδέποκ’
1697 2810 1761 2867 ἧς,
1790 2811 1947 2854 XXVI

255 2918 281 2962 ¹)
308 2917 478 2952 Similiter
501 2927 557 2950 res
583 2927 621 2950 se
644 2917 755 2951 habet
777 2918 816 2950 in
841 2917 982 2950 Horatii
1007 2917 1135 2950 satiris.

255 2973 283 3022 2)
309 2975 362 3009 Cf.
389 2975 517 3009 Christ.
542 2985 576 3019 p.
603 2975 670 3026 183
696 2986 748 3019 sq.
