2051 3341
67 43 71 46 ,
168 20 178 34 ¹
221 19 256 53 ς
334 38 336 42 ,
424 34 437 42 ψ

96 67 98 69 ·
138 28 227 98 06³
243 79 251 86 -
280 79 282 82 -
360 51 403 82 θ’

220 88 256 105 n
336 83 356 101 ef

91 103 171 176 ἥδέ
185 118 198 124 ,
251 110 294 143 'ae
313 100 358 137 ᾗ(

137 196 245 251 quas
275 192 508 237 tractamus,
532 189 722 242 exiguum
745 189 982 228 coniecturis
1004 202 1150 241 augere
1171 201 1235 228 res
1256 195 1318 227 sat
1346 190 1573 241 periculosa
1604 197 1665 230 est
1694 202 1827 252 neque
1847 191 1945 257 artis
1982 176 2051 224 ’ἶ

24 264 103 316 „sl
134 253 304 297 criticae
345 258 569 298 rationibus
601 259 798 299 convenit.
832 258 987 297 accedit
1030 258 1135 311 quod
1179 271 1311 310 neque
1341 258 1450 311 apud
1479 259 1700 300 Homerum
1731 267 1828 300 ante
1855 273 1945 299 ver·

0 313 76 359 ,⁸
138 326 234 368 hum
276 328 483 384 κρύπτειν
524 328 609 367 eius
664 326 771 367 modi
815 326 1026 379 productio
1067 340 1237 380 usquam
1276 332 1387 366 extat
1418 339 1551 381 neque
1582 329 1823 369 Theocritus
1853 329 1946 382 ipse
2042 320 2051 334 ’Δ

136 397 239 437 alibi
268 398 450 437 vocalem
482 399 522 436 in
554 397 656 436 thesi
688 397 857 449 positam
905 402 1001 435 ante
1031 397 1179 435 formas
1218 396 1267 435 ab
1299 397 1441 437 eadem
1471 398 1596 450 stirpe
1626 397 1827 438 derivatas
1857 412 1941 438 um·

140 481 260 519 quam
292 467 492 519 producit;
540 465 611 504 sed
652 465 803 517 ubique
846 465 1000 504 vocalis
1042 466 1200 518 integra
1246 469 1399 506 manet:
1445 466 1551 505 XVI
1583 468 1651 515 30,
1682 467 1810 506 XVII
1842 456 1948 516 120,

137 536 287 575 XXIV
318 537 384 584 28,
428 535 552 573 XXV
586 535 680 573 227.
726 547 830 586 quae
862 547 952 573 cum
983 535 1041 573 ita
1071 535 1162 584 sint,
1197 535 1463 588 praeferenda
1483 535 1561 574 hoc
1591 535 1678 574 loco
1709 549 1797 576 esse
1828 535 1938 576 vide
2010 570 2051 589 „-

137 611 202 644 tur
244 606 444 657 scriptura.
487 618 510 642 a
539 604 718 655 Tayloro
761 605 967 656 proposita
1009 604 1238 659 αἰδόμενυς
1281 605 1334 646 σύ
1364 620 1416 659 με
1457 605 1635 660 κρύπτε,
1677 618 1794 658 quam
1832 611 1943 646 rece·
2017 598 2039 620 'b

138 680 286 726 petunt
316 674 477 713 Ahrens
508 674 565 724 (in
597 672 660 712 ed.
692 673 802 720 mai)
834 679 874 711 et
904 674 1077 725 Ziegler.

253 743 398 782 Varias
430 757 525 782 vero
555 742 689 781 theses
720 743 753 781 si
783 748 1020 794 spectamus,
1058 743 1100 781 in
1138 743 1300 795 quibus
1312 743 1456 783 breves
1485 744 1646 783 vocales
1674 743 1815 782 finales
1846 749 1937 782 ante

133 820 283 854 mutam
313 829 346 854 c.
378 814 405 852 l.
438 814 479 852 in
511 825 631 852 versu
660 811 821 852 heroico
852 803 1136 865 producuntur,
1177 813 1297 853 etiam
1328 812 1433 866 apud
1465 813 1725 853 Theocritum
1757 813 1938 852 similiter

133 890 253 937 atque
283 885 325 922 in
357 884 524 922 Homeri
557 882 796 922 carminibus
827 883 1019 922 maiorem
1048 882 1189 922 harum
1220 883 1528 936 productionum
1556 889 1710 937 partem
1739 883 1780 921 in
1811 882 1936 936 pedes

131 956 304 1008 primum
335 960 375 993 et
405 955 575 994 alterum
605 952 749 994 cadere
779 951 959 1007 adparet.
1001 966 1081 1007 qua
1109 952 1149 992 in
1181 966 1225 993 re
1248 942 1297 992 'id
1329 966 1488 1007 quoque
1518 952 1818 993 memorandum
1849 965 1936 992 esse

132 1024 305 1073 videtur,
336 1025 378 1062 in
406 1023 746 1076 productionibus,
780 1036 884 1074 quae
904 1028 1043 1061 extant
1061 1023 1102 1061 in
1123 1022 1228 1077 pede
1247 1024 1376 1072 tertio,
1410 1023 1591 1062 omnibus
1613 1023 1768 1062 articuli
1789 1024 1934 1062 formas

61 1135 68 1146 ‚
131 1095 225 1147 legi,
270 1096 310 1133 in
353 1093 458 1146 pede
502 1099 635 1131 autem
678 1098 818 1144 quarto
854 1091 1155 1145 productionem
1184 1092 1302 1132 huius
1332 1092 1490 1145 generis
1520 1092 1562 1132 in
1593 1092 1688 1132 solis
1717 1091 1852 1131 verbis
1881 1091 1934 1133 τὰ

130 1168 281 1219 πρῶτα
312 1163 436 1202 semel
467 1163 654 1210 inveniri,
698 1175 868 1214 quorum
899 1176 1003 1214 quae
1035 1164 1086 1201 sit
1115 1168 1257 1201 natura
1287 1168 1327 1201 et
1357 1162 1462 1215 apud
1493 1167 1632 1215 poetas
1662 1162 1795 1214 epicos
1824 1175 1931 1210 usus,

128 1233 207 1271 iam
240 1233 420 1285 exposui.
453 1232 552 1271 haec
584 1233 618 1271 si
649 1232 855 1271 nobiscum
888 1239 1130 1285 reputamus,
1162 1233 1250 1285 ipsa
1277 1245 1319 1271 se
1341 1231 1455 1271 offert
1475 1232 1666 1284 quaestio,
1699 1243 1933 1284 quaenam

128 1302 251 1342 ratio
302 1302 349 1341 in
398 1301 731 1355 producendis
774 1301 1031 1341 vocalibus
1082 1301 1323 1341 finalibus
1372 1303 1419 1340 in
1467 1302 1595 1341 thesi
1641 1302 1816 1354 positis
1866 1301 1930 1339 in·

128 1377 361 1424 sequente
406 1374 528 1410 voce
578 1385 603 1409 a
646 1370 837 1410 duabus
882 1372 1028 1410 mutis
1072 1372 1294 1411 consonis
1337 1377 1418 1411 aut
1454 1386 1478 1410 a
1522 1370 1726 1424 liquidis
1762 1385 1826 1425 μν
1867 1371 1930 1410 in·

128 1442 342 1494 cipiente
374 1455 399 1479 a
419 1440 682 1479 Theocrito
715 1439 976 1480 observata
1008 1441 1086 1479 sit.
1120 1447 1240 1494 atque
1270 1441 1374 1480 hanc
1403 1441 1445 1479 in
1472 1454 1557 1490 rem
1579 1441 1647 1493 qui
1667 1440 1927 1492 inquisiverit,

126 1525 219 1550 mox
261 1510 336 1549 sibi
377 1509 636 1563 persuadebit
676 1511 717 1549 in
759 1509 877 1549 huius
915 1509 1022 1549 modi
1057 1509 1385 1563 productionibus
1415 1510 1674 1550 Theocritum
1704 1508 1831 1548 isdem
1862 1514 1930 1547 aut

127 1581 247 1618 etiam
288 1579 552 1618 severioribus
588 1579 744 1630 legibus
782 1580 1094 1632 obtemperasse.
1140 1581 1341 1619 rarissime
1372 1581 1478 1619 enim
1507 1580 1667 1618 vocales
1698 1592 1746 1618 ea
1776 1580 1929 1618 ratione

125 1650 344 1702 productae
388 1650 639 1702 reperiuntur
682 1663 834 1701 eaeque
877 1663 1034 1702 semper
1071 1655 1141 1689 aut
1169 1650 1210 1689 in
1241 1649 1370 1702 prima
1398 1649 1501 1689 thesi
1533 1654 1600 1688 aut
1629 1649 1670 1688 in
1702 1648 1839 1690 altera.
1883 1648 1922 1686 in

127 1720 201 1757 illa
232 1719 394 1771 quidem
423 1719 500 1757 hae
532 1724 673 1757 extant
701 1708 1001 1771 productiones:
1035 1716 1081 1773 a)
1112 1719 1177 1757 XI
1209 1720 1264 1758 47
1296 1717 1447 1768 ἔστιζν)
1476 1719 1660 1773 ψυχρόν;
1693 1715 1732 1773 b)
1763 1718 1846 1756 XV
1878 1718 1933 1756 30

125 1787 152 1828 ἁ
195 1787 243 1829 δὲ
288 1791 435 1842 σμᾶμα
475 1787 614 1842 φέρει;
646 1785 697 1841 As)
739 1787 847 1826 XVI
884 1789 908 1826 8
947 1787 992 1828 αἱ
1029 1787 1077 1828 δὲ
1125 1788 1394 1842 σκυζόμεναι,
1436 1789 1488 1826 27
1526 1786 1634 1841 μηδὲ
1669 1784 1932 1836 ξεινοδόκον,

123 1858 252 1896 XVII
285 1858 339 1896 24
371 1857 461 1897 ὅττι
493 1856 655 1910 σφέων,
696 1856 829 1898 XXII
863 1858 916 1896 10
947 1855 990 1897 οἱ
1025 1856 1075 1897 δέ
1105 1866 1267 1910 σφεων,
1309 1857 1364 1895 54
1395 1862 1515 1911 χαῖρε
1551 1854 1666 1907 ξεῖν’,
1708 1857 1794 1895 210
1824 1853 1928 1895 ἀλλὰ

124 1926 251 1976 Ζεύς;
296 1924 340 1980 d)
372 1925 528 1964 XXIII
559 1927 614 1964 48
647 1924 753 1966 ἀλλὰ
785 1925 899 1974 στάς.
944 1925 985 1963 in
1015 1924 1118 1965 thesi
1147 1924 1263 1978 pedis
1294 1925 1459 1964 alterius
1489 1925 1641 1964 vocalis
1670 1924 1824 1963 ratione
1854 1923 1926 1962 illa

122 1995 184 2034 his
226 1995 323 2034 locis
364 1995 614 2047 producitur:
662 1992 701 2048 c)
733 1994 846 2033 XIII
878 1995 931 2033 36
968 1995 1120 2050 κῷχεθ’
1151 1995 1281 2043 ’Ὺλας
1318 1994 1342 2036 ὁ
1381 1992 1556 2046 ξανθός,
1598 1994 1722 2046 epigr·
1754 1993 1867 2032 XIII
1897 1995 1922 2031 4

123 2062 337 2120 (pentem.)
377 2062 521 2114 ξυνόν.
555 2062 622 2104 ἀεὶ
651 2062 701 2104 δέ
731 2060 875 2118 ι·ῖςριν;Δ
895 2061 939 2118 d)
973 2064 1098 2116 epigr.
1130 2063 1197 2103 XI
1231 2067 1248 2103 1
1284 2062 1535 2113 Εὐσθένεος
1562 2062 1613 2105 τὸ
1641 2061 1845 2118 μνῆμαῐ).
1882 2062 1923 2102 id

122 2148 232 2182 vero,
267 2133 373 2186 quod
394 2133 559 2172 vocales
579 2133 732 2181 finales,
756 2134 841 2173 sive
863 2147 944 2172 vox
975 2147 999 2172 a
1028 2139 1137 2172 muta
1168 2148 1201 2173 c.
1218 2133 1245 2175 l.
1269 2134 1353 2173 sive
1384 2147 1408 2172 a
1428 2132 1582 2173 duabus
1602 2134 1720 2173 mutis
1741 2133 1923 2174 consonis

120 2203 277 2242 initium
320 2202 482 2253 capiens
526 2201 715 2253 sequitur,
762 2201 884 2253 longe
921 2202 1151 2254 saepissime
1199 2203 1240 2241 in
1280 2202 1435 2241 duabus
1475 2202 1673 2255 prioribus
1702 2202 1924 2241 hexametri

123 2271 303 2311 thesibus
334 2269 622 2323 producuntur,
667 2283 785 2308 nemo
817 2283 897 2309 non
929 2270 1041 2309 videt
1070 2271 1263 2309 artissime
1295 2270 1510 2309 cohaerere
1540 2284 1628 2310 cum
1658 2270 1924 2323 spondeorum

120 2355 207 2390 usu,
247 2355 367 2393 quem
402 2341 444 2378 in
474 2339 646 2392 pedibus
677 2340 806 2392 primo
840 2345 880 2379 et
910 2339 1037 2379 altero
1067 2339 1262 2380 latissime
1292 2345 1430 2393 patere
1459 2353 1500 2393 p.
1534 2341 1585 2379 21
1617 2339 1803 2382 vidimus.
1846 2339 1924 2379 hac

121 2410 285 2464 quidem
327 2410 368 2448 in
413 2422 456 2448 re
496 2409 615 2448 etiam
644 2408 948 2449 memorandum
979 2414 1038 2447 est
1067 2408 1129 2448 bis
1160 2408 1421 2448 Theocritum
1451 2409 1673 2447 Homerum
1702 2410 1921 2448 imitantem

120 2481 163 2519 in
193 2480 297 2518 thesi
327 2480 456 2532 prima
486 2479 631 2518 breves
662 2478 842 2531 syllabas
872 2480 912 2517 in
945 2492 1139 2518 consonas
1171 2479 1396 2519 desinentes
1426 2479 1663 2532 insequente
1687 2479 1921 2532 pronomine

116 2562 314 2603 personae
353 2550 494 2588 tertiae
538 2547 586 2590 οἶ
621 2548 876 2602 produxisse:
921 2548 1051 2587 XVII
1081 2551 1134 2587 82
1171 2554 1286 2604 τρεῖς
1321 2548 1402 2603 μέν
1438 2547 1481 2590 οἱ
1523 2547 1592 2603 (cf.
1624 2549 1745 2590 Hom.
1778 2550 1812 2589 I
1837 2540 1915 2588 1'31

115 2618 193 2668 τὰς
221 2618 303 2672 μέν
334 2615 394 2672 οἱ)
435 2624 475 2656 et
502 2619 629 2657 XXV
660 2619 713 2658 82
747 2616 829 2659 οὐκ
858 2619 914 2659 ἄν
945 2616 987 2659 οἱ
1030 2616 1097 2673 (cf.
1127 2618 1248 2659 Hom.
1279 2619 1306 2673 β
1339 2620 1421 2658 249
1456 2619 1510 2660 οὔ
1547 2618 1623 2659 κέν
1660 2617 1734 2673 οἱ).
1779 2617 1920 2656 eodem

115 2689 303 2742 pertinet,
343 2686 450 2738 quod
481 2687 626 2725 vocula
661 2688 767 2741 πρίν
795 2702 835 2726 v.
867 2687 992 2726 XXV
1025 2688 1107 2727 263
1139 2688 1180 2726 in
1210 2688 1313 2727 thesi
1345 2688 1470 2726 altera
1500 2688 1735 2739 insequente
1765 2700 1865 2725 voce
1896 2700 1920 2725 a
1990 2727 1993 2729 ,

238 2803 261 2844 ¹)
288 2803 344 2834 De
368 2800 661 2844 productionibus
685 2801 791 2834 huius
821 2802 973 2843 generis,
1003 2811 1094 2844 quae
1125 2802 1219 2845 apud
1242 2801 1333 2835 alios
1360 2805 1483 2845 poetas
1508 2801 1664 2835 Graecos
1687 2802 1920 2845 reperiuntur,

117 2861 279 2894 conferas
304 2869 450 2903 quaeso,
475 2869 567 2902 quae
593 2862 831 2901 exposuerunt
854 2858 1005 2901 Hilberg
1029 2859 1189 2902 ‘Pr-incip
1215 2859 1247 2892 d.
1275 2858 1459 2892 Silbenw'
1483 2870 1515 2902 p.
1536 2862 1579 2892 20
1598 2869 1686 2902 sqq,
1712 2861 1756 2892 26
1781 2871 1846 2902 sqq
1885 2863 1918 2892 et

117 2918 325 2952 Scheindler
346 2918 385 2949 in
410 2927 560 2950 censura
584 2917 741 2951 eiusdem
764 2917 857 2959 libri,
882 2917 969 2950 Ann.
995 2928 1110 2960 gymn.
1126 2918 1251 2952 ‘Austn
1277 2918 1375 2951 XXX
1403 2919 1470 2951 414
1495 2928 1569 2962 sqq.
