2051 3341
1588 0 1605 8 I
1616 0 1627 11 ”¹
1662 0 1664 3 ⁴
1687 0 1711 24 ’τί
1723 0 1901 30 *fx-⁸135&
1911 8 1955 27 --12
1965 14 1970 26 J

96 74 181 143 ‘58

2005 173 2051 222 ἑὲ,

2028 230 2051 254 ¹12·

128 233 270 268 veatur
313 227 517 279 spondeus
559 225 678 279 pedis
722 226 865 277 quarti,
911 224 952 262 id
998 224 1103 276 quod
1147 224 1360 278 utrobique
1402 226 1605 266 lenissima
1650 228 1755 267 effici
1798 233 1930 281 potest

122 298 415 336 immutatione.
447 298 488 335 in
523 297 656 349 priore
688 295 794 333 enim
817 308 936 333 versu
968 294 995 334 ἁ
1025 296 1222 349 χίμαρος·
1253 295 1418 350 χιμάρῳ
1449 296 1496 336 δὲ
1527 297 1659 338 καλὸν
1688 303 1805 353 κρῆς,
1836 296 1929 339 ἕστε

124 369 162 408 κ’
186 364 365 422 ἀμέλξῃς
396 368 529 418 agitur
561 365 611 404 de
641 366 768 403 forma
800 368 919 418 κρῆς,
951 377 1070 415 quam
1098 364 1338 404 Theocritus
1370 365 1467 403 alibi
1497 380 1716 419 numquam
1748 367 1926 416 admisit;

123 436 340 488 singularis
372 449 468 475 vero
501 447 689 473 numerus
727 432 906 472 eiusdem
939 433 1050 472 vocis
1083 432 1237 472 duobus
1268 433 1358 472 aliis
1387 434 1487 474 locis
1518 436 1680 486 legitur:
1713 437 1750 476 V
1775 439 1857 476 140
1885 442 1926 475 et

124 505 192 547 IX
226 507 292 555 25,
338 519 506 558 quorum
553 509 723 555 ultroque
769 507 880 541 extat
922 503 1048 542 forma
1092 503 1223 542 soluta
1257 503 1398 558 κρέας,
1441 517 1488 543 ac
1522 505 1657 557 priore
1695 506 1854 558 quidem
1885 508 1925 545 in

125 575 265 614 eadem
299 573 516 613 hexametri
538 571 632 611 sede
653 577 774 624 atque
796 572 836 610 in
859 585 896 610 v.
941 569 962 611 I
986 572 1031 621 6;
1075 571 1265 624 leguntur
1286 572 1392 612 enim
1413 586 1452 612 v.
1486 572 1524 612 V
1557 574 1640 612 140
1670 573 1790 614 haec:
1834 581 1928 625 ταῖς

125 647 333 698 Νύμφαις
363 645 580 697 Μόρσωνι
610 642 742 682 καλὸν
772 642 900 696 κρέας
930 642 1084 683 αὐτίκα
1113 642 1297 695 πέμψον.
1337 657 1440 695 quae
1471 657 1561 682 cum
1592 644 1649 683 ita
1671 645 1761 693 sint,
1797 659 1928 684 errare

124 714 323 762 videntur,
382 713 450 765 qui
505 712 633 751 veluti
682 710 891 749 Fritzsche
941 710 1131 750 librorum
1185 725 1306 750 manu
1362 713 1496 766 script.
1553 713 1768 753 lectionem
1823 719 1927 769 κρῆς

124 782 355 830 defendunt,
380 795 516 834 neque
540 781 706 820 dubium
724 794 812 819 esse
833 787 978 832 potest,
1012 783 1109 833 quin
1132 782 1172 819 in
1193 782 1269 820 hoc
1291 795 1451 834 quoque
1482 796 1603 822 versu
1633 784 1767 823 soluta
1797 785 1926 823 forma

124 852 252 906 κρέας
289 851 545 891 restituenda
574 851 625 890 sit
637 851 677 899 1).
721 864 840 889 versu
871 857 1004 889 autem
1035 848 1101 891 IX
1138 853 1188 891 19
1221 850 1269 892 ἐν
1298 853 1403 907 πυρὶ
1433 852 1481 893 δὲ
1511 853 1673 909 ὃρυΐνςο
1702 854 1826 908 χόρια
1856 854 1928 904 ζεῖ,

122 921 169 963 ἐν
199 921 306 976 πυρὶ
336 921 372 962 δ’
391 918 494 962 αὖαι
524 934 606 960 non
629 920 760 959 solum
783 919 961 972 spondeo
982 920 1097 973 pedis
1124 922 1255 973 quarti
1276 921 1348 961 sed
1372 923 1492 961 etiam
1513 922 1640 971 hiatu,
1674 923 1737 962 cui
1757 922 1926 962 similem

124 992 246 1030 alium
278 991 384 1044 apud
416 991 677 1030 Theocritum
722 1003 801 1028 non
841 990 1038 1040 invenies,
1080 990 1330 1031 offendimur.
1375 991 1543 1044 adparet
1573 1006 1668 1031 vero
1701 993 1820 1031 etiam
1851 991 1927 1030 hoc

123 1060 210 1100 loco
247 1060 521 1113 recipiendam
553 1073 640 1100 esse
672 1061 840 1098 formam
872 1059 1043 1098 solutam
1084 1059 1163 1110 ζέει
1192 1060 1271 1099 iam
1304 1074 1326 1098 a
1359 1061 1562 1100 Brunckio
1595 1061 1925 1108 commendatam,

129 1144 301 1182 quacum
341 1130 512 1169 conferri
544 1135 709 1181 possunt
740 1129 844 1167 aliae
875 1128 1087 1167 verborum
1124 1130 1288 1177 formae,
1334 1130 1446 1168 velut
1476 1131 1515 1169 V
1547 1132 1600 1169 82
1633 1130 1784 1184 φιλέει,
1814 1128 1926 1172 VIII

125 1200 180 1240 54
211 1200 345 1240 θέειν.

241 1270 308 1307 Ex
339 1270 482 1308 ceteris
504 1281 645 1307 versus
676 1267 936 1306 incisionibus
964 1269 1126 1307 maioris
1156 1269 1345 1307 momenti
1366 1255 1733 1320 semiseptenariam
1755 1275 1926 1309 tantum-

128 1338 245 1377 modo
278 1351 366 1377 esse
398 1351 603 1377 caesuram
635 1343 674 1376 et
704 1338 1023 1377 semiternariam
1056 1344 1194 1377 notum
1226 1344 1299 1378 est.

240 1408 376 1461 Atque
419 1414 530 1461 post
569 1408 777 1447 alterius
816 1408 959 1460 pedis
996 1409 1139 1447 arsim
1170 1415 1232 1447 sat
1261 1410 1493 1460 frequenter
1524 1408 1632 1461 apud
1663 1409 1923 1449 Theocritum

121 1479 344 1517 hexametri
392 1478 635 1526 inciduntur,
691 1478 851 1530 saepius
900 1483 1035 1516 tamen
1087 1478 1290 1516 trochaica
1332 1478 1528 1516 incisione
1569 1478 1610 1516 in
1655 1477 1759 1530 pede
1801 1479 1931 1517 tertio'

122 1548 363 1600 insequente
395 1561 514 1599 quam
545 1547 846 1599 semiquinaria.
886 1546 1037 1585 habent
1067 1548 1175 1586 enim
1207 1560 1412 1586 caesuram
1443 1547 1777 1586 semiternariam:
1811 1550 1852 1598 a)
1883 1549 1925 1586 in

123 1617 250 1670 edyll.
274 1617 406 1656 bucol.
430 1631 496 1656 vv.
517 1615 741 1656 CCCXCII
772 1617 838 1656 vel
870 1618 968 1656 447
980 1613 1032 1672 ⁰s0
1066 1615 1265 1666 (CLXIII
1299 1617 1537 1669 insequente
1568 1629 1672 1656 caes.
1695 1614 1922 1669 semiquin.,

123 1686 348 1726 CCXXIX
398 1689 637 1740 insequente
691 1700 793 1726 caes.
839 1687 948 1725 tertii
989 1686 1105 1738 pedis
1151 1686 1314 1740 troch.);
1368 1690 1405 1738 b)
1450 1688 1491 1726 in
1535 1686 1659 1740 edyll.
1704 1688 1814 1726 mim.
1855 1701 1922 1727 vv.

124 1756 437 1796 CLXXXVIII
479 1757 547 1796 vel
597 1758 697 1797 424
714 1754 765 1810 ΟΛ)
820 1758 1006 1809 (quorum
1049 1756 1279 1796 LXXXIII
1330 1758 1525 1797 incisione
1574 1757 1801 1810 semiquin.,
1853 1756 1926 1797 GV

123 1827 326 1866 trochaica
357 1826 474 1879 pedis
505 1828 613 1865 tertii
646 1833 738 1865 sunt
767 1825 976 1878 praediti);
1011 1828 1046 1877 c)
1068 1827 1109 1864 in
1141 1826 1265 1879 edyll.
1290 1827 1415 1878 epicis
1447 1841 1515 1867 vv.
1540 1825 1926 1866 CCCOLXXXVII

125 1896 192 1935 vel
223 1898 321 1935 46·1
341 1894 392 1952 ⁰s0
426 1894 652 1950 (LXXXII
681 1897 919 1947 insequente
951 1909 1053 1934 caes.
1085 1896 1311 1947 semiquin.,
1345 1894 1522 1936 GOCOV
1543 1896 1781 1947 insequente
1811 1896 1923 1935 incis.

122 1965 238 2018 pedis
269 1966 378 2004 tertii
410 1965 574 2015 troch.);
608 1968 648 2012 d)
670 1966 721 2017 ,in
754 1964 878 2017 edyll.
908 1964 1002 2004 dub.
1030 1960 1270 2006 CXXVIII
1300 1965 1368 2003 vel
1401 1966 1499 2004 44·7
1517 1962 1568 2019 ΟΛ)
1604 1962 1662 2020 (in
1693 1962 1824 2005 XLII
1855 1978 1922 2003 vv.

122 2036 235 2074 incis.
268 2037 481 2088 semiquin.
510 2036 703 2087 sequitur,
736 2034 965 2073 LXXXVI
997 2034 1226 2073 inciduntur
1256 2041 1347 2086 post
1376 2035 1484 2073 tertii
1514 2034 1633 2087 pedis
1664 2034 1922 2082 trochaeum).

241 2105 385 2157 Neque
417 2104 691 2157 interpunctio
724 2103 800 2142 hac
830 2103 872 2142 in
905 2116 1070 2143 caesura
1101 2116 1190 2142 rara
1223 2108 1300 2153 est3
1335 2102 1631 2156 distinguuntur
1663 2104 1768 2143 enim
1799 2103 1924 2143 verba

122 2181 214 2228 post
234 2175 343 2214 tertii
366 2173 480 2226 pedis
502 2175 644 2212 arsim:
678 2171 724 2228 a)
756 2175 797 2212 in
830 2187 885 2212 cc.
909 2173 1040 2213 bucol.
1062 2174 1276 2224 sexagiens
1310 2171 1409 2228 (XV
1440 2173 1538 2212 locis
1570 2174 1771 2225 graviore,
1804 2174 1923 2213 XLV

125 2245 171 2285 ll.
203 2244 356 2284 leniore
386 2240 750 2299 interpunctione);
783 2241 820 2297 b)
851 2244 893 2282 in
932 2257 988 2283 cc.
1022 2243 1129 2285 mim.
1161 2243 1322 2283 triciens
1352 2243 1415 2283 bis
1446 2242 1507 2299 (in
1539 2257 1606 2283 vv.
1638 2244 1744 2283 XIV
1775 2244 1922 2297 interp.

123 2315 323 2366 graviore,
356 2315 397 2352 in
433 2327 495 2352 vv.
528 2311 686 2354 XVIII
717 2313 907 2366 leniore);
940 2310 975 2367 (ᾖ
1005 2313 1047 2351 in
1070 2326 1124 2351 cc.
1160 2313 1261 2365 epic.
1300 2313 1558 2365 septuagiens
1590 2319 1731 2365 quater
1763 2311 1823 2369 (in
1855 2327 1922 2353 vv.

121 2384 230 2423 XIX
261 2384 457 2435 graviore,
492 2384 533 2421 in
564 2397 629 2421 vv.
663 2382 738 2421 LV
769 2383 921 2421 leniore
952 2382 1135 2434 interp.);
1167 2380 1211 2436 d)
1240 2377 1291 2420 >in
1324 2395 1379 2421 cc.
1413 2380 1507 2420 dub.
1542 2381 1829 2422 duodeviciens
1863 2380 1924 2437 (in

123 2466 192 2493 vv.
223 2453 286 2492 IV
317 2453 516 2505 graviore,
549 2453 590 2490 in
623 2467 689 2491 vv.
721 2452 827 2491 XIV
857 2452 1012 2490 leniore
1042 2448 1321 2505 interpunct.).

236 2522 483 2562 Caesurae
515 2521 957 2574 semiseptenariae
987 2534 1082 2560 usus
1114 2521 1222 2572 apud
1250 2520 1508 2560 Theocritum
1542 2527 1707 2573 propter
1736 2535 1923 2573 magnam

120 2591 329 2632 bucolicae
370 2592 576 2631 incisionis
619 2591 886 2645 frequentiam
924 2591 965 2629 in
1003 2590 1235 2636 universum
1268 2590 1429 2643 quidem
1459 2590 1568 2630 haud
1598 2591 1655 2631 ita
1686 2591 1768 2631 late
1798 2597 1921 2645 patet.

121 2663 251 2701 maior
289 2663 394 2700 enim
434 2662 646 2701 auctoritas
685 2674 875 2700 caesurae
912 2666 1003 2712 post
1033 2661 1152 2699 arsim
1182 2660 1297 2713 pedis
1329 2662 1458 2713 quarti
1489 2661 1531 2699 in
1563 2663 1619 2699 eis
1650 2660 1922 2700 tantummodo

48 2762 50 2765 -
123 2746 213 2774 esse
252 2737 385 2785 potest
417 2731 611 2783 versibus,
656 2733 725 2785 qui
758 2730 940 2771 bucolica
971 2743 1137 2770 caesura
1169 2736 1323 2780 carent;
1367 2745 1460 2770 nam
1492 2731 1582 2771 finis
1615 2730 1816 2779 vocabuli,
1855 2731 1923 2783 qui

239 2894 263 2937 ¹)
290 2894 343 2927 Of.
382 2894 488 2927 etiam
526 2893 633 2926 Laur.
658 2893 873 2928 Morsbachii
917 2894 982 2927 ‘De
1021 2894 1174 2928 dialecto
1211 2892 1435 2928 Theocritea'
1471 2896 1558 2937 part.
1584 2892 1612 2934 Ι,
1648 2892 1797 2926 Bonnae
1822 2892 1923 2934 1874,

60 2999 65 3002 .
114 2962 148 3002 p.
174 2953 230 2985 66.
