2051 3341
103 123 157 162 86

102 257 258 302 partem
300 243 512 303 incidatur,
556 251 837 302 productiones
879 250 969 286 illas
996 245 1088 286 ‘nisi
1131 248 1171 285 in
1209 247 1390 286 versibus
1435 251 1602 287 caesura
1643 247 1758 300 pedis
1801 246 1909 286 tertii
1938 243 1949 252 ”

102 319 305 358 trochaica
346 320 549 358 instructis
591 319 723 357 locum
764 317 912 355 habere
956 329 1036 354 non
1078 316 1270 366 potuisse.
1326 316 1359 354 si
1398 321 1531 354 autem
1568 316 1673 355 hanc
1704 308 1910 369 caesuram

103 391 241 429 versui
271 403 435 429 servare
458 387 619 428 volebat
648 392 780 439 poeta,
812 384 1106 439 productiones,
1141 384 1191 424 de
1222 383 1368 437 quibus
1400 384 1613 437 loquimur,
1646 387 1687 425 in
1715 379 1913 439 prioribus
1982 442 1985 446 -

103 465 260 498 tantum
302 458 590 514 bisyllaborum
632 455 918 495 vocabulorum
956 453 1123 507 syllabis
1163 461 1232 493 aut
1268 448 1309 493 in
1349 454 1605 507 paenultimis
1648 469 1792 495 vocum
1820 454 1912 507 plus

105 529 206 567 duas
250 528 427 579 syllabas
472 525 758 564 continentium
801 524 1072 563 admittendae
1115 530 1240 562 erant.
1278 523 1355 563 hoc
1391 524 1513 575 igitur
1541 523 1660 562 modo
1691 538 1787 564 usus
1818 537 1910 576 pro·
1948 581 1950 583 v

106 597 334 636 ductionum
366 595 524 633 illarum
554 595 595 631 in
628 594 706 632 arsi
737 593 855 631 tertia
885 594 979 632 satis
1010 594 1188 645 angustis
1222 592 1554 632 circumscribitur
1585 593 1787 632 cancellis.
1837 645 1840 648 Δ

220 665 417 713 Quotiens
449 675 635 715 quaeque
675 675 938 702 consonarum
976 661 1218 715 liquidarum
1250 663 1290 702 in
1322 662 1530 716 exemplis,
1581 674 1685 714 quae
1716 663 1912 715 congessi,
1953 697 1956 700 .

104 735 339 788 reperiatur,
372 747 423 773 ex
452 732 528 771 hac
559 730 698 771 tabula
728 730 916 785 adparet:

1331 843 1369 874 in
1394 842 1557 880 omnibus

1292 888 1502 923 Theocr.cc.
1518 898 1597 932 gen,
1637 865 1675 898 in
1704 875 1756 899 cc.
1783 865 1865 899 dub,

447 866 485 898 in
511 876 560 900 ce.
590 865 671 898 bue.
735 865 773 897 in
799 875 849 898 cc.
875 865 970 898 mim.

1038 865 1075 898 in
1101 875 1151 899 cc.
1182 875 1237 909 ep.

133 877 228 901 cons.
237 865 397 909 liquidae

1116 1005 1160 1036 53
1328 1014 1331 1016 >
1422 1004 1466 1036 85
1753 1005 1774 1036 3

1117 1063 1160 1094 29
1422 1062 1464 1093 41
1596 1099 1600 1102 ⁴
1754 1062 1772 1093 1

1117 1119 1161 1152 38
1399 1120 1467 1152 104
1731 1120 1773 1152 15

1094 1178 1160 1210 144
1400 1178 1467 1210 249
1729 1177 1773 1209 35

1094 1272 1161 1304 264
1398 1272 1467 1303 479
1513 1296 1516 1299 ,
1729 1271 1774 1303 54

984 1353 1029 1391 B.

221 1421 472 1459 Accedamus
516 1422 567 1459 ad
618 1422 877 1473 exponendas
927 1423 1163 1469 rationes,
1216 1434 1333 1472 quas
1377 1421 1677 1460 Theocritus
1719 1424 1765 1461 in
1812 1436 1912 1475 pro-

102 1490 337 1531 ducendis
369 1497 450 1530 aut
482 1491 816 1544 corripiendis
854 1491 1082 1544 syllabis,
1122 1504 1244 1544 quae
1274 1491 1443 1531 mediis
1479 1493 1525 1531 in
1556 1492 1826 1538 vocabulis
1846 1493 1911 1533 in-

99 1567 348 1613 sequente
378 1567 508 1599 muta
539 1575 572 1603 c.
593 1562 621 1599 l.
645 1562 692 1599 in
722 1561 849 1600 thesi
879 1548 1347 1613 positae-leguntur,
1379 1563 1667 1601 observasse
1698 1563 1911 1603 videtur.

101 1645 181 1684 qua
222 1632 262 1669 iu
305 1644 349 1669 re
390 1631 430 1670 in
462 1631 694 1671 universum
725 1630 967 1670 Theocritus
998 1631 1166 1671 multum
1211 1631 1342 1671 differt
1384 1631 1433 1671 ab
1466 1631 1655 1675 Homero.
1700 1631 1765 1673 hie
1807 1633 1912 1672 enim
1953 1674 1961 1678 ,

102 1714 190 1738 cum
222 1701 382 1739 vocales
425 1700 564 1738 mediis
596 1702 636 1739 in
672 1700 837 1739 vocibus
874 1707 967 1740 ante
1001 1707 1152 1740 mutam
1183 1716 1215 1740 e.
1252 1702 1280 1740 l.
1326 1702 1552 1741 conlocatas
1584 1703 1704 1741 etiam
1735 1703 1776 1742 in
1806 1702 1909 1742 thesi

103 1770 340 1822 plerumque
363 1769 560 1822 producat
581 1784 628 1809 ac
648 1771 786 1822 paucis
807 1767 962 1809 tantum
993 1771 1034 1809 in
1065 1770 1273 1810 vocabulis
1306 1771 1492 1823 corripiat
1506 1768 1550 1825 ¹),
1583 1771 1688 1824 apud
1720 1771 1911 1811 Theocri-

102 1845 188 1878 tum
220 1838 418 1891 syllabae,
453 1853 621 1891 quarum
653 1838 794 1878 eadem
828 1845 889 1878 est
920 1839 1113 1888 condicio,
1146 1841 1270 1879 multo
1302 1841 1463 1892 saepius
1493 1841 1762 1892 corripiuntur
1793 1855 1911 1893 quam
1931 1877 1933 1879 ,

101 1907 375 1961 producuntur
384 1906 433 1962 2).
498 1909 568 1947 sed
623 1909 879 1948 inferioribus
929 1909 1174 1962 temporibus
1228 1910 1413 1949 nonnulli
1455 1915 1598 1962 poetae
1641 1911 1756 1962 epici,
1801 1905 1914 1950 velut
1957 1923 1959 1925 ·

101 1977 277 2026 Quintus
300 1977 545 2030 Smyrnaeus
556 1974 604 2031 ³),
638 1979 798 2030 saepius
829 1979 950 2017 etiam
980 1978 1242 2019 admittebant
1264 1980 1547 2032 correptiones.
1580 1985 1718 2028 contra
1739 1966 1911 2019 Nonnus

100 2047 244 2086 mediis
268 2048 308 2085 iu
331 2048 496 2086 vocibus
518 2048 680 2086 vocales
712 2053 804 2086 ante
825 2054 977 2087 mutam
1009 2049 1090 2090 e..l.
1114 2062 1272 2101 semper
1292 2048 1481 2101 produxit
1502 2050 1682 2101 exceptis
1703 2048 1911 2089 vocabulis

105 2117 354 2170 ’“Ηρακλεής,
371 2116 615 2171 Ἀφροδίτη,
636 2118 863 2172 ἀλλοτρίου
885 2117 977 2173 (-ῃ),
1001 2118 1368 2174 ἀλλοπρόσαλλον,
1390 2118 1674 2174 Ἀμφιτρύων,
1704 2119 1744 2157 in
1767 2118 1912 2171 quibus

100 2200 214 2225 usum
247 2186 508 2224 Homericum
539 2191 699 2225 secutus
730 2189 1019 2239 correptionem
1051 2188 1127 2227 sibi
1159 2187 1411 2242 concessit4).

209 2253 329 2302 Quod
343 2260 477 2293 autem
491 2254 540 2293 ad
550 2254 838 2306 disponendam
855 2258 1060 2296 materiam
1075 2257 1241 2310 adtinet,
1250 2272 1276 2310 p
1286 2258 1411 2296 riore
1424 2258 1470 2296 lo
1482 2270 1532 2296 co
1548 2261 1602 2304 (α)
1618 2257 1641 2295 d
1651 2272 1672 2297 e
1698 2253 1911 2310 syllabis

100 2324 352 2377 productis
381 2338 526 2376 agere
550 2325 846 2374 mihiliceat,
880 2327 1035 2366 altero
1057 2325 1121 2381 (β)
1144 2340 1382 2379 exponam
1414 2327 1470 2367 de
1501 2325 1907 2380 correptionibus.

969 2410 997 2436 α
1013 2393 1060 2451 ⁵).

216 2463 505 2502 Productiones
537 2464 800 2515 syllabarum,
840 2479 944 2516 quae
982 2465 1022 2507 h.
1056 2466 1081 2506 l.
1115 2467 1154 2504 in
1187 2479 1349 2513 censum
1379 2467 1558 2515 veniunt,
1596 2468 1700 2507 inter
1730 2468 1910 2521 singulas

99 2532 234 2570 theses
265 2532 372 2570 hunc
403 2533 444 2571 in
476 2531 638 2571 modum
671 2532 979 2573 distribuuntur:

220 2624 244 2666 ¹)
273 2623 531 2656 Cf.Hartel.1
558 2625 602 2657 80
628 2635 679 2667 sq.

217 2680 244 2722 ²)
270 2680 326 2713 De
352 2680 552 2726 frequentia
576 2681 682 2715 huius
707 2683 848 2725 generis
875 2685 1134 2726 correptionum
1152 2684 1247 2727 apud
1263 2688 1387 2727 poetas
1405 2685 1586 2747 elegiacos
1610 2686 1786 2728 paulatim
1802 2690 1907 2720 aucta

99 2739 142 2772 ef.
169 2738 309 2773 Sitzleri
334 2737 496 2772 ‘Studien
521 2750 565 2772 zu
589 2739 779 2784 Theognis'
804 2752 839 2784 p.
864 2742 898 2773 4.
1006 2765 1009 2768 -

215 2798 242 2840 3)
270 2797 323 2830 Cf.
351 2807 445 2840 quae
470 2797 514 2831 de
539 2797 608 2832 hoc
631 2802 738 2841 poeta
763 2801 925 2843 exposuit
948 2801 1120 2835 Ludwich
1143 2801 1236 2835 Ann.
1261 2801 1347 2844 phil.
1374 2800 1453 2835 CIX
1479 2803 1547 2836 233
1574 2812 1651 2846 sqq.

212 2854 243 2900 ⁴)
269 2854 325 2903 Cf.
352 2855 575 2889 Scheindleri
599 2856 756 2897 ‘Quaest.
781 2858 912 2893 Nonn'.
939 2859 955 2892 1
980 2861 1035 2893 64.

216 2913 242 2957 ⁵)
267 2913 454 2957 Exempla,
494 2914 532 2946 in
574 2914 706 2957 quibus
746 2904 908 2959 syllabae
950 2918 987 2949 in
1017 2917 1109 2951 thesi
1133 2918 1270 2961 positae
1293 2917 1549 2961 producuntur,
1575 2922 1658 2953 sunt
1680 2920 1785 2963 haee:
1815 2924 1843 2954 1.
1867 2923 1906 2955 in

98 2973 188 3005 thesi
214 2973 344 3014 prima:
371 2976 408 3015 a)
435 2973 487 3005 111
514 2975 557 3007 15
583 2970 708 3017 ἔγνων,
734 2976 785 3008 1v
811 2978 854 3009 36
881 2972 1004 3019 ἁπλᾶς,
1028 2977 1080 3009 XI
1106 2979 1150 3010 72
1174 2968 1356 3020 mamm
1382 2977 1413 3018 ὁ)
1441 2979 1475 3010 11
1500 2979 1521 3011 5
1545 2975 1654 3020 samm
1692 2982 1723 3020 c)
1748 2979 1835 3012 xm
1862 2981 1905 3014 ἰο
