2051 3336
1863 183 1922 221 43

112 307 163 347 δέ
202 320 288 359 μοι-
322 303 441 359 αἶγες
481 313 520 344 et
555 308 599 345 X
630 309 682 345 29
729 307 816 348 ἀλλ’
845 306 982 360 ἔμπας
1026 304 1075 346 ἐν
1116 312 1208 355 τοῖς
1244 307 1475 360 στεφάνοις
1516 305 1568 345 τὰ
1609 309 1751 360 πρᾶτα
1781 306 1929 360 λέγον-

111 365 207 417 ται·
238 375 294 415 nil
351 368 532 428 impedit,
592 363 803 429 quominus
861 377 903 415 in
959 375 1092 427 priore
1150 389 1353 415 caesuram
1418 376 1650 428 primariam
1702 375 1925 415 bucolicam

115 438 202 484 esse
243 451 461 485 statuamus
480 443 525 501 ¹),
568 448 610 486 in
652 429 781 486 altero
819 441 1201 497 semiseptenariam.
1247 448 1289 484 in
1319 452 1490 498 utroque
1535 445 1742 498 praecedit
1784 446 1929 484 incisio

114 514 452 570 semiternaria2).
498 517 682 556 similiter
725 523 846 569 atque
891 517 933 554 in
976 515 1220 554 hexametiis
1260 516 1406 556 adlatis
1452 530 1516 555 res
1555 529 1597 554 se
1634 515 1758 554 habet
1794 517 1835 554 in
1868 529 1924 555 cc.

116 582 211 647 dub.
241 599 282 625 v,
314 586 423 625 XXI
452 588 507 625 47
543 587 621 628 τὸν
662 588 857 639 κάλαμον
892 585 929 625 δ’
951 584 1038 625 ὑπὸ
1073 590 1132 624 τῶ
1171 586 1401 639 κινήματος
1437 585 1628 639 ἀγκύλον
1658 582 1787 637 εἶχον.
1821 598 1928 636 quae

115 655 205 694 cum
246 655 303 694 ita
344 646 435 704 sint,
486 670 538 695 ne
587 655 813 695 bucolicam
863 653 1026 707 quidem
1079 654 1315 693 incisionem
1358 662 1535 694 statuere
1578 655 1702 693 licere
1750 654 1929 692 arbitror

117 725 159 762 in
189 724 448 772 hexametris,
488 726 558 776 qui
589 726 646 763 ita
676 730 769 762 sunt
800 712 1033 777 comparati,
1073 729 1117 764 ut
1146 737 1186 760 v.
1219 722 1262 761 X
1295 725 1360 770 29,
1402 737 1520 775 quem
1552 723 1693 772 adtuli,
1727 724 1793 762 vel
1825 723 1926 761 ibid

117 795 173 833 30
216 793 244 834 ἁ
286 792 355 843 αἲξ
395 794 476 834 τὰν
517 794 709 843 κύτισον,
752 793 777 833 ὁ
818 793 948 841 λύκος
988 792 1069 832 τὰν
1106 788 1207 845 αἶγα
1245 792 1390 832 διώκει
1432 799 1523 833 cett.
1557 792 1627 831 sed
1664 807 1742 831 non
1782 792 1926 832 eadem

112 871 176 901 est
215 853 417 901 condicio
438 876 626 901 versuum
669 855 714 900 Π
758 863 782 900 8
825 862 1045 915 βασεῦμαι
1084 861 1184 902 ποτὶ
1225 860 1306 901 τὰν
1354 863 1394 901 T
1391 876 1613 915 ιμαγητοιο
1656 863 1927 917 παλαίστραν

114 937 154 970 et
197 933 264 979 97,
316 932 358 970 in
402 921 547 984 quibus
592 922 784 994 articulus
827 945 850 969 a
893 930 1145 969 substantivo
1188 944 1260 969 suo
1305 931 1384 969 alio
1427 931 1627 969 vocabulo
1678 932 1918 983 interposito

111 1006 335 1052 separatur.
379 1001 420 1039 hi
464 1002 570 1040 enim
608 989 749 1040 versus
793 1000 889 1052 quin
928 1006 1019 1052 post
1048 1000 1158 1038 tertii
1188 999 1303 1051 pedis
1335 990 1452 1038 araim
1486 1002 1714 1052 primariam
1746 1000 1925 1039 habeant

113 1069 362 1119 incisionem,
407 1069 572 1109 dubium
610 1083 698 1109 esse
735 1059 889 1121 nequit.
935 1083 1039 1121 quae
1083 1082 1145 1108 res
1188 1070 1267 1108 iam
1310 1069 1404 1107 inde
1449 1070 1593 1117 elucet,
1641 1069 1747 1121 quod
1791 1083 1924 1121 neque

112 1138 296 1177 bucolica
337 1130 469 1191 neque
511 1146 603 1191 post
645 1131 829 1190 quartam
874 1139 993 1176 arsim
1036 1138 1150 1176 adest
1194 1151 1368 1176 caesura.
1415 1144 1589 1176 ceterum
1631 1138 1694 1177 his
1737 1139 1926 1177 versibus

115 1208 235 1246 etiam
273 1221 325 1247 ex
355 1208 517 1247 nomine
547 1208 710 1259 proprio
743 1207 897 1260 aliquid
927 1208 1097 1245 fortasse
1127 1207 1212 1258 peti
1243 1213 1375 1259 potest
1407 1208 1691 1246 excusationis.

166 1281 169 1282 ⁷
237 1277 365 1316 Multo
409 1277 540 1316 laxior
583 1283 644 1316 est
686 1277 927 1325 coniunctio,
972 1290 1076 1328 quae
1118 1277 1223 1316 inter
1265 1276 1467 1316 adiectiva
1499 1276 1565 1315 vel
1601 1277 1826 1316 numeralia
1856 1277 1922 1316 vel

114 1347 353 1397 pronomina
377 1344 547 1400 (αὐτός,
585 1344 767 1401 ἐκεῖνος)
814 1354 855 1385 et
892 1346 1142 1385 substantiva
1172 1347 1286 1384 iuxta
1317 1348 1461 1398 posita,
1495 1347 1544 1384 ad
1577 1360 1680 1398 quae
1710 1346 1925 1384 referenda

116 1421 208 1453 sunt
238 1415 323 1464 illa,
356 1415 582 1453 intercedit.
613 1415 733 1454 huius
754 1415 861 1454 modi
884 1416 990 1454 enim
1013 1415 1268 1454 cohaerentia
1289 1428 1422 1467 neque
1443 1417 1731 1468 semiquinaria
1753 1429 1923 1454 caesura

112 1497 244 1536 neque
275 1498 336 1533 ea,
370 1498 472 1536 quae
511 1491 571 1523 est
608 1484 716 1525 κατὰ
745 1486 892 1539 τρίτον
922 1491 1139 1538 τροχαῖον,
1182 1485 1368 1536 impediri
1407 1486 1605 1532 videntur,
1645 1486 1756 1523 velut
1791 1487 1824 1531 Ι,
1868 1488 1920 1524 18

112 1554 188 1593 καί
216 1552 258 1593 οἱ
291 1552 358 1594 ἀεὶ
388 1553 559 1607 δριμεῖα
581 1551 596 1607 ΙΙ
618 1553 722 1605 χολὰ
751 1553 850 1607 περὶ
882 1552 968 1606 ῥινὶ
998 1554 1185 1606 κάθηται
1216 1553 1284 1592 vel
1311 1553 1350 1592 V
1383 1555 1462 1592 106
1495 1554 1623 1607 χὰμῖν
1654 1553 1742 1594 ἐστι
1769 1555 1890 1595 κύων
1910 1552 1925 1609 [ξ

113 1624 432 1676 φιλοποίμνιος,
466 1622 524 1671 ’ὃς
560 1623 690 1670 λύκος
719 1624 837 1676 ἄγχει
853 1620 901 1677 ³).
946 1624 1082 1674 itaque
1124 1622 1308 1661 bucolica
1345 1636 1504 1674 quoque
1535 1624 1677 1661 incisio
1708 1624 1922 1662 statuenda

111 1705 200 1734 >esse
239 1692 399 1731 videtur
440 1693 481 1730 in
525 1693 609 1730 eius
646 1692 754 1730 modi
792 1691 986 1739 versibus,
1032 1693 1162 1744 qualis
1201 1698 1260 1730 est
1290 1693 1311 1729 I
1344 1694 1367 1730 3
1401 1692 1612 1746 συρίσδες·
1656 1693 1762 1745 μετὰ
1793 1695 1925 1733 Πᾶνα

58 1803 63 1806 ,
86 1789 90 1793 «
112 1760 164 1801 τὸ
193 1760 399 1816 δεύτερον
428 1757 569 1802 ἆθλον
599 1760 757 1815 ἀποισῇ
772 1758 821 1815 4).

230 1831 419 1881 Denique
450 1831 569 1868 etiam
601 1831 768 1868 elisione
790 1830 989 1869 vocabula
1009 1831 1124 1869 iuxta
1155 1843 1198 1868 se
1229 1831 1360 1882 posita
1391 1831 1515 1868 artius
1547 1831 1726 1882 copulari
1755 1838 1924 1869 constat.

117 1913 198 1938 non
228 1905 362 1938 tamen
393 1906 475 1937 tam
506 1906 593 1937 arta
624 1906 684 1938 est
713 1899 824 1938 haec·
843 1900 1080 1947 coniunctio,
1112 1906 1157 1937 ut
1188 1913 1324 1937 omnes
1355 1913 1403 1938 ea
1429 1899 1700 1951 impediantur
1720 1912 1921 1947 caesurae,

122 1981 225 2019 quae
257 1981 322 2007 res
353 1982 399 2007 eo
432 1981 590 2020 quoque
623 1967 915 2020 comprobatur,
949 1959 1055 2019 quod
1086 1982 1280 2020 persaepe
1307 1969 1467 2008 vocales
1497 1970 1639 2008 finales
1671 1977 1765 2007 ante
1795 1970 1922 2021 ipsam

115 2038 478 2089 interpunctionem
510 2043 580 2078 aut
609 2038 804 2077 leniorem
836 2044 906 2076 aut
935 2039 1161 2089 graviorem
1194 2039 1421 2088 eliduntur3
1454 2039 1494 2077 id
1527 2039 1633 2091 quod
1666 2039 1709 2078 fit
1740 2040 1782 2077 in
1813 2040 1922 2078 tertii

116 2106 230 2157 pedis
278 2116 442 2146 caesura
484 2108 527 2146 in
570 2107 633 2145 his
654 2120 656 2122 ’
676 2107 874 2146 versibus:
918 2106 958 2161 a)
996 2108 1034 2146 V
1075 2110 1154 2146 118
1197 2114 1327 2149 τοῦτο
1371 2108 1452 2161 μὲν
1499 2108 1551 2149 οὐ
1600 2109 1794 2162 μέμναμ’·
1843 2109 1925 2149 ὅκα

233 2219 260 2264 ¹)
287 2220 340 2253 Cf.
364 2231 398 2263 p.
423 2222 467 2253 45
484 2231 535 2263 sq.

234 2275 260 2319 2)
286 2276 386 2309 Alios
404 2287 529 2309 versus
553 2280 636 2319 tres,
661 2279 722 2320 qui
746 2279 784 2311 in
801 2278 982 2311 Theocriti
1008 2279 1223 2311 carminibus
1249 2289 1397 2312 caesura
1425 2280 1526 2321 pedis
1543 2281 1637 2312 tertii
1656 2284 1788 2322 carent,
1813 2281 1924 2323 paulo

115 2336 209 2368 infra
233 2335 402 2367 adferam.
986 2323 988 2326 ⁵
1041 2324 1062 2327 Δ.
1086 2324 1089 2326 ⁴

232 2389 262 2437 ³)
288 2392 340 2425 Cf.
359 2393 480 2425 etiam:
506 2395 542 2435 a)
572 2393 589 2426 I
615 2394 671 2436 13,
695 2395 753 2436 58,
777 2393 835 2437 59,
861 2395 1024 2436 1293>111
1053 2395 1110 2438 20,
1134 2395 1194 2437 32,
1219 2395 1271 2427 IV
1296 2396 1352 2436 59,
1378 2396 1437 2436 633
1455 2394 1497 2425 'V
1521 2396 1579 2435 43,
1603 2396 1660 2437 53,
1688 2397 1750 2427 101
1772 2410 1816 2423 =
1834 2396 1851 2427 1
1870 2398 1928 2437 13,

118 2451 195 2491 104,
242 2451 326 2490 112,
368 2450 436 2481 vn
478 2451 533 2492 10,
572 2452 630 2493 23,
666 2452 723 2493 32,
762 2452 820 2493 53,
851 2454 908 2494 55,
941 2453 999 2494 59,
1025 2453 1081 2494 79,
1106 2453 1185 2494 124,
1210 2453 1289 2493 132,
1314 2452 1393 2493 138,
1422 2454 1504 2492 155,
1536 2452 1623 2484 vm
1646 2454 1680 2494 9,
1704 2455 1761 2494 41,
1785 2454 1842 2495 49,
1867 2454 1928 2495 55,

115 2507 179 2548 59,
204 2506 256 2538 ix
280 2507 314 2548 9,
338 2507 401 2548 3ο,
426 2507 458 2538 x
484 2509 542 2550 20,
566 2509 623 2550 22,
648 2509 709 2550 54,
735 2507 766 2550 b)
792 2509 829 2541 11
855 2510 941 2550 1653
967 2509 1037 2541 xv-
1052 2511 1138 2551 117,
1163 2509 1283 2542 xvm
1300 2510 1357 2551 27,
1382 2510 1440 2552 28,
1465 2511 1520 2551 31,
1545 2512 1606 2551 42,
1633 2512 1662 2551 c)
1681 2510 1769 2543 xm
1788 2512 1842 2553 19,
1869 2512 1926 2551 72;

114 2564 199 2597 XVI
224 2565 280 2607 38,
298 2565 366 2607 58,
404 2564 508 2598 XXII
534 2566 568 2608 2,
592 2567 649 2608 25,
674 2567 731 2608 37,
756 2568 820 2607 92,
856 2567 957 2599 XXV
984 2568 1061 2610 126,
1088 2569 1168 2610 149,
1193 2569 1278 2609 257,
1309 2567 1430 2600 XXVI
1456 2569 1510 2609 10,
1536 2569 1597 2608 35,
1629 2568 1699 2600 XII
1724 2571 1787 2610 353
1814 2570 1926 2612 epigr.

116 2623 132 2655 1
157 2623 195 2664 3,
220 2622 261 2664 d)
287 2622 351 2654 xx
376 2624 440 2663 41,
466 2622 551 2654 xxi
577 2625 632 2666 19,
657 2624 720 2666 30,
743 2623 883 2657 xxvn
905 2626 940 2667 4,
966 2626 1028 2666 7ο,
1055 2616 1164 2668 epig’r.
1188 2625 1244 2658 111
1270 2627 1288 2658 1
1315 2629 1396 2659 cett.

230 2678 259 2723 ⁴)
283 2680 455 2713 Eiusdem
478 2682 617 2723 generis
640 2685 723 2714 sunt
745 2692 821 2714 vva
847 2683 887 2724 a)
909 2682 929 2714 I
947 2684 1004 2725 61,
1028 2684 1107 2725 123,
1133 2684 1215 2724 139,
1240 2683 1295 2715 ΙΙΙ
1315 2684 1369 2725 13,
1394 2685 1451 2725 33,
1475 2685 1537 2724 49,
1563 2684 1596 2716 V
1621 2686 1685 2726 59,
1710 2685 1761 2718 VI
1788 2689 1843 2728 11,
1871 2689 1929 2728 14,

114 2741 180 2780 43,
204 2738 274 2771 vn
298 2740 332 2781 8,
357 2740 415 2781 83,
440 2739 521 2781 108,
549 2740 628 2780 109,
652 2740 730 2780 116,
756 2740 835 2782 121,
861 2740 945 2781 148,
970 2739 1061 2772 vm
1084 2741 1119 2782 2,
1143 2741 1204 2781 05,
1237 2740 1287 2772 1x
1314 2742 1377 2782 15,
1406 2740 1440 2772 x
1464 2743 1504 2783 5,
1535 2741 1587 2774 xl
1612 2743 1670 2786 22,
1702 2745 1759 2786 23,
1783 2746 1839 2786 41,
1867 2746 1925 2782 70;

117 2795 151 2838 b)
175 2796 212 2829 11
236 2797 293 2837 61,
317 2797 374 2839 94,
401 2798 484 2838 1373
508 2796 592 2829 XIV
619 2798 674 2840 12,
697 2799 755 2839 40,
779 2799 835 2838 65,
860 2798 922 2839 67,
955 2797 1024 2830 XV
1048 2800 1093 2831 34
1126 2798 1177 2840 (in
1201 2798 1307 2831 huius
1332 2807 1456 2831 versus
1481 2801 1719 2842 parte‘altera
1744 2812 1788 2834 ne
1812 2805 1929 2844 potest

117 2854 261 2897 quidem
285 2854 356 2887 alia
380 2864 529 2887 caesura
553 2856 676 2889 statui:
702 2852 893 2899 Πραξινόα
916 2854 1012 2898 μάλα
1035 2866 1093 2888 τοι
1114 2853 1156 2888 τὸ
1173 2853 1675 2902 καταπτυχὲςέμπερόναμα),
1700 2859 1762 2900 81,
1790 2862 1822 2901 c)
1839 2859 1927 2892 X111

120 2913 174 2952 10,
211 2914 268 2954 26,
303 2913 360 2955 29,
397 2913 458 2955 40,
494 2912 579 2945 xvl
608 2914 673 2954 57,
711 2912 815 2945 XVII
848 2915 902 2956 77,
934 2914 990 2956 98,
1022 2915 1106 2955 104,
1144 2905 1248 2947 xxn
1273 2916 1329 2954 29,
1360 2916 1418 2958 42,
1442 2917 1499 2957 63,
1526 2918 1605 2959 115,
1631 2917 1711 2960 148,
1738 2919 1817 2960 180,
1843 2920 1928 2958 222,

117 2968 237 3002 XXIV
261 2971 295 3013 2,
328 2972 382 3013 15,
414 2971 471 3014 64,
502 2972 559 3013 65,
591 2972 671 3014 114,
701 2972 783 3012 138,
820 2970 921 3004 XXV
945 2973 1002 3014 89,
1038 2973 1107 3004 248
1144 2972 1203 3016 (de
1239 2983 1309 3015 quo
1346 2984 1451 3006 versu
1487 2974 1581 3006 idem
1611 2974 1719 3017 valet,
1755 2976 1851 3017 quod
1884 2976 1925 3007 d‹·

117 3026 184 3060 xv
208 3026 285 3071 34),
311 3027 382 3060 xn
408 3030 469 3070 34,
496 3029 536 3068 d)
560 3029 646 3061 xix
671 3031 709 3071 5,
734 3029 799 3061 xx
826 3031 859 3072 4,
886 3030 917 3072 7,
942 3030 1005 3072 20,
1029 3029 1116 3062 XXI
1140 3031 1184 3064 23
1194 3041 1203 3072 ;
1228 3030 1365 3063 xxvu
1392 3033 1449 3074 29,
1473 3033 1530 3074 30,
1555 3033 1613 3074 37,
1637 3034 1692 3066 39.
