2051 3336
178 636 302 703 ἔξω·
335 650 500 703 longum
536 651 727 703 temporis
764 651 938 700 spatium
974 651 1083 689 viros
1121 650 1311 698 eruditos,
1359 650 1427 702 qui
1470 650 1513 688 in
1551 650 1806 703 antiquitatis
1843 651 1902 690 in-

179 713 348 774 ‘efflant
371 718 530 768 studia,
582 725 622 758 et
663 719 832 760 Homeri
873 725 914 759 et
962 719 1131 758 aliorum
1172 724 1382 772 poetarum
1425 718 1682 769 Graecorum,
1742 722 1813 772 qui
1855 721 1897 759 in

241 783 326 839 {dis
362 787 605 828 carminibus
641 788 760 827 huius
797 790 924 828 secuti
960 794 1055 828 sunt
1093 788 1324 840 exemplum
1357 794 1402 827 'et
1439 789 1732 837 auctoritatem,
1777 803 1904 841 opera

250 846 307 897 sse
337 858 676 911 amplissimisque
710 859 950 897 instruxisse
989 858 1286 897 commentariis
1322 872 1457 910 neque
1483 865 1623 897 tamen
1653 858 1695 897 in
1726 860 1902 899 rationes

221 914 289 971 cas
337 926 388 967 ab
416 927 517 967 'eius
559 927 718 979 generis
766 927 897 979 poetis
947 925 1182 966 observatas
1211 927 1448 966 'accuratius
1491 927 1750 980 inquisivisse
1793 929 1901 982 quod

247 1010 297 1042 ur
317 997 396 1037 ‘vix
425 996 677 1046 habebimus,
707 995 792 1045 ubi,
825 1001 977 1049 quanta
1006 996 1058 1036 sit
1087 995 1392 1048 disciplinarum
1424 995 1475 1036 ad
1496 996 1712 1049 scriPtores
1743 1003 1901 1039 veteres

243 1078 272 1105 ε’
300 1064 597 1118 pernoscendos
635 1066 906 1119 spectantium
945 1065 1121 1114 ubertas,
1161 1071 1260 1117 quot
1291 1066 1547 1117 quaestiones
1577 1066 1619 1104 in
1656 1079 1902 1118 unoquoque

231 1134 538 1180 ,retractando
569 1134 649 1175 sint
686 1133 981 1188 expediendae,
1018 1133 1226 1174 nobiscum
1266 1134 1604 1186 reputaverimus.
1641 1135 1772 1186 prima
1802 1150 1900 1176 vero

186 1197 246 1244 us
275 1204 427 1244 heroici
456 1204 647 1245 historiae
676 1204 924 1244 lineamenta
956 1202 1006 1244 G.
1038 1204 1247 1243 Hermann
1286 1203 1447 1243 demum
1477 1204 1799 1256 praeclarissima
1829 1206 1902 1245 illa

134 1259 154 1284 ’Κ
165 1267 205 1308 d
224 1260 378 1315 tatione
409 1274 539 1325 duxit,
578 1288 698 1328 quam
730 1274 965 1327 conscripsit
996 1273 1047 1313 de
1076 1274 1441 1326 Argonauticorum
1472 1274 1677 1327 scriptoris
1708 1281 1841 1314 aetate
1854 1272 1900 1332 ¹)

141 1356 192 1409 9
210 1342 301 1405 1099
337 1344 642 1397 diligentissime
672 1344 897 1392 discrimen,
944 1343 1050 1396 quod
1082 1344 1296 1382 intercedit
1337 1345 1442 1382 inter
1484 1345 1660 1382 rationes
1709 1358 1898 1383 versuum

158 1411 324 1462 corum,
363 1416 433 1466 qui
470 1413 580 1466 apud
613 1414 799 1452 diversos
829 1415 1019 1465 leguntur
1048 1420 1204 1466 poetas,
1243 1415 1432 1466 exposuit
1471 1415 1688 1466 „illorum”
1692 1444 1703 1464 ‚
1741 1421 1786 1452 ut
1815 1415 1902 1462 ipse

124 1482 211 1530 39:¹³,
244 1496 404 1535 „causa,
444 1484 515 1535 qui
552 1497 672 1522 ovum
702 1497 784 1521 non
820 1490 965 1534 putant
996 1497 1073 1522 ovo
1104 1484 1275 1522 similius
1307 1497 1395 1522 esse
1432 1497 1566 1535 quam,
1611 1484 1643 1521 si
1679 1484 1799 1522 modo
1831 1498 1902 1522 sex

180 1562 224 1591 es
260 1547 422 1602 haheat,
466 1552 744 1592 hexametrum
780 1550 1057 1593 hexametro.'’
1090 1551 1162 1591 sed
1200 1552 1250 1590 de
1286 1552 1364 1591 hac
1400 1551 1681 1591 dissertatione
1723 1553 1901 1592 valuisse

183 1629 227 1659 a
254 1621 336 1660 alio
367 1618 502 1676 loco2)
534 1621 585 1660 ab
607 1621 842 1660 Hermanno
873 1621 961 1673 ipso
992 1621 1164 1673 prolata,
1197 1620 1267 1659 ubi
1293 1635 1554 1673 „magnorum
1583 1622 1761 1660 virorum
1787 1622 1899 1661 esse”

190 1696 399 1742 „reserare
419 1691 594 1729 claustra
615 1696 656 1729 et
675 1697 899 1729 monstrare
920 1691 1041 1739 viam,
1074 1704 1154 1729 non
1186 1705 1265 1743 quo
1296 1705 1403 1743 pone
1425 1691 1514 1743 quis
1540 1697 1733 1742 sequatur
1752 1705 1900 1743 magna

126 1760 245 1820 pan
275 1772 396 1812 passu
432 1760 605 1812 vestigia
640 1760 780 1812 legens
818 1765 887 1799 aut
923 1759 975 1799 ad
1012 1773 1210 1798 summum
1247 1758 1412 1807 ibidem,
1455 1759 1524 1799 ubi
1555 1759 1647 1811 ipsi,
1694 1761 1899 1813 consistat,

199 1834 262 1876 ut
297 1828 457 1882 longius
494 1829 566 1868 alii
602 1829 861 1882 procedant’'‚
903 1829 999 1868 satis
1044 1841 1245 1889 superque
1288 1835 1439 1868 eventu
1481 1828 1783 1881 comprobatum
1826 1835 1898 1869 est.

132 1889 135 1893 Χ
183 1902 214 1951 ’,ς’-
240 1898 347 1938 enim
383 1898 616 1951 inquirendi
653 1899 696 1938 in
734 1912 874 1938 versus
904 1898 1056 1937 heroici
1093 1899 1268 1938 rationes
1298 1898 1413 1938 initio
1445 1912 1526 1937 non
1557 1897 1784 1944 defuerunt,
1830 1899 1900 1950 qui

281 1965 526 2022 Hermanno
539 1973 762 2007 monstrata
791 1960 1141 2020 progrederentur.
1174 1981 1252 2019 quo
1282 1967 1325 2006 in
1351 1981 1518 2006 numero
1549 1968 1592 2005 in
1612 1968 1752 2019 primis
1773 1969 1899 2007 nomi-

254 2043 347 2077 sunt
374 2031 426 2077 F}
458 2036 659 2090 Spitaner,
690 2035 737 2078 O.
768 2037 910 2087 Lehrs,
942 2037 989 2078 O.
1011 2037 1064 2078 A.
1089 2037 1323 2076 Hoffmann.
1367 2043 1510 2090 postea
1539 2051 1634 2075 vero
1665 2037 1771 2075 inter
1791 2038 1899 2076 viros

241 2106 256 2155 ,’
282 2108 352 2159 qui
373 2108 416 2146 in
435 2095 609 2146 Homeri>
627 2107 870 2146 carminibus
901 2107 1169 2160 explanandis
1190 2108 1339 2146 versati
1370 2113 1476 2157 sunt,
1508 2113 1553 2144 ut
1581 2107 1683 2145 alios
1703 2108 1896 2155 omittam,

242 2165 344 2232 ker,
384 2177 433 2216 Β.
465 2175 628 2226 Giseke,
650 2177 705 2218 Ἰ.
742 2178 805 2216 La
833 2177 972 2217 Roche
1008 2177 1118 2215 haud
1147 2190 1277 2230 pauca
1308 2177 1359 2223 ad
1391 2190 1530 2215 versus
1569 2178 1673 2229 epici
1716 2183 1899 2216 naturam

239 2245 422 2300 >cendam
452 2246 698 2288 adtulerunt.

179 2310 375 2368 ambus
407 2301 753 2369 ‘disputationibus
788 2321 851 2356 sat
887 2329 1055 2370 magnos
1091 2328 1324 2369 progressus
1354 2316 1395 2353 in
1433 2328 1554 2354 versu
1590 2314 1807 2355 Homerico
1839 2316 1898 2354 in-

251 2378 469 2428 acinetos
499 2398 548 2424 ac
577 2385 718 2435 multa,
759 2398 864 2438 quae
894 2391 1016 2425 antea
1051 2386 1129 2425 nisi
1160 2398 1208 2425 eo
1238 2384 1369 2434 modo,
1405 2390 1451 2424 ut
1484 2390 1606 2437 poeta
1643 2397 1900 2424 numerorum

295 2450 338 2503 te
379 2453 575 2495 adductus
618 2454 874 2496 concessisse*
903 2454 981 2495 sibi
1023 2467 1074 2497 ea
1110 2460 1331 2509 putaretur,
1377 2454 1573 2508 explicari
1616 2455 1898 2509 nequiverant,

300 2512 364 2564 ter
394 2534 497 2564 ,esse
552 2523 769 2578 explanata
810 2523 919 2563 haud
968 2525 1182 2577 quisquam
1230 2523 1408 2576 negabit.
1472 2528 1650 2562 attamen
1699 2524 1902 2576 permulta

320 2591 324 2594 <
354 2592 503 2642 endum
521 2598 631 2643 recte
650 2597 875 2648 perspecta,
906 2592 1036 2633 veluti
1055 2593 1191 2632 hiatus
1221 2605 1318 2632 usus
1345 2598 1415 2631 aut
1434 2591 1619 2632 brevium
1649 2592 1899 2645 syllabarum

566 2741 748 2785 editione
769 2740 995 2784 Lips.1805,
1018 2751 1053 2784 p.
1078 2742 1275 2774 673—826.

593 2802 723 2841 m
741 2799 844 2842 upa.
871 2791 980 2855 isle,
982 2809 1031 2843 p.
1055 2799 1134 2831 xv.
