2051 3341
0 68 14 102 ix

0 0 341 67 fflQss-Q⁷.*ae
350 0 415 27 {fv-*rt*
435 0 483 22 '²753
495 0 553 22 “n-,33
579 0 598 29 xxv,
622 5 643 12 ,.
669 0 823 25 ,ἶῃῖΐιωῑνι-Ἁτ
835 2 839 5 .
861 13 866 18 ⁷
881 0 921 23 ,ΤΥ
934 0 940 5 2
962 0 1095 22 ⁷‘*⁷,:*'-*s.⁸·⁷3‘
1154 0 1208 24 ²⁴³⁶:
1226 0 1271 12 γη.
1287 0 1291 2 ⁷
1310 9 1315 13 ,
1345 0 1362 10 ,ν-
1428 1 1449 23 '3'
1487 0 1617 35 :fta-³:¹³3*
1642 14 1646 21 Υ
1710 13 1722 20 a
1761 17 1771 29 »¹
1818 10 1831 17 ι,
1876 4 1888 12 1.

8 56 17 60 c
26 54 37 64 7
47 56 74 71 ‘15
83 38 87 45 ¹
117 51 123 72 ζ
166 56 169 59 ,
419 48 426 51 ”
585 41 587 44 ’
728 41 733 45 ”
1463 49 1469 56 κ

135 113 189 152 76

133 242 401 281 Theocritum
442 241 624 294 adparet.
671 242 779 294 apud
822 241 1042 280 Homerum
1073 241 1191 289 enim,
1224 239 1266 278 id
1298 239 1406 292 quod
1441 240 1586 281 Hartel
1626 242 1781 294 primus
1821 239 1937 280 intel·
2006 215 2051 297 *zi

133 308 297 366 lexit¹),
330 310 494 351 DLXX
525 311 798 364 exemplorum
836 309 1096 362 correptionis
1126 309 1245 348 huius
1276 309 1436 361 generis
1471 323 1566 362 pars
1596 310 1717 363 longe
1760 311 1938 351 maxima

136 378 479 436 (CCCCLXXX)
508 382 557 436 inq
575 379 774 432 prioribus
795 379 903 417 tertii
925 385 965 418 et
987 379 1118 430 quinti
1148 377 1264 430 pedis
1295 378 1466 431 syllabis
1490 378 1683 419 brevibus
1713 381 1935 429 iuvenitur;

136 453 179 490 in
200 451 274 490 illa
299 450 461 503 quidem
483 436 621 489 versus
641 447 736 487 sede
757 446 872 488 CCII
894 453 1044 501 extant,
1067 448 1111 488 in
1133 447 1210 487 hac
1231 445 1541 491 CCLXXVIH.
1567 449 1679 488 cuius
1698 450 1758 489 rei
1780 452 1938 490 causam

136 520 244 559 idem
276 520 475 572 exposuit:
519 518 791 566 intervallum,
827 517 933 570 quod
968 519 1143 557 caesuris
1172 518 1385 557 trochaicis
1414 518 1565 571 pedum
1595 519 1707 558 tertii
1738 525 1780 557 et
1810 519 1939 571 quinti

137 591 321 638 efficitur,
354 588 567 641 quominus
597 592 708 626 muta
740 601 774 627 c.
797 587 825 628 l.
858 587 1010 627 vocalis
1032 588 1143 627 vocis
1174 583 1449 627 antecedentis
1479 586 1737 641 producatur,
1768 587 1933 641 impedi·

136 666 270 698 mento
286 665 357 697 est.
381 664 500 710 atque
514 657 621 709 apud
643 657 903 696 Theocritum
926 671 1087 710 quoque
1109 658 1275 697 eaedem
1297 671 1437 697 versus
1459 657 1575 697 sedes
1605 658 1648 697 in
1681 647 1819 697 earum
1848 664 1941 697 sunt

135 741 310 777 numero,
333 728 375 766 in
398 725 541 780 quibus
572 727 854 780 correptiones,
879 726 929 767 de
952 726 1095 780 quibus
1127 728 1270 780 agitur,
1304 714 1539 782 saepissime
1568 727 1836 781 reperiuntur.
1871 726 1941 767 sed

134 799 254 850 longe
287 796 439 837 recedit
467 797 708 836 Theocritus
730 797 780 836 ab
814 811 889 836 usu
909 798 1079 837 Homeri
1110 799 1151 836 in
1184 798 1507 851 correptionibus
1538 799 1579 837 in
1610 798 1780 844 confinio
1810 798 1943 850 singu-

134 869 264 908 lorum
285 881 424 907 versus
446 866 595 920 pedum
616 866 891 910 admittendis.
906 867 1107 907 Homerus
1130 869 1233 908 enim
1257 874 1426 922 excepto
1446 867 1552 922 pede
1571 868 1699 921 primo
1721 868 1762 907 in
1793 867 1945 921 dactyli

132 938 210 986 fine
246 937 365 976 huius
405 936 513 975 modi
551 937 822 989 correptiones
868 934 1072 992 vitavit2),
1112 937 1153 975 id
1186 937 1293 990 quod
1324 937 1588 976 Theocritum
1617 938 1759 977 fecisse
1788 938 1865 976 nisi
1899 938 1941 976 in

135 1006 240 1060 pede
261 1007 378 1046 tertio
410 1006 612 1045 adfirmari
642 1006 784 1059 nequit
825 1005 910 1055 (sed
941 1007 981 1045 in
1013 1005 1130 1046 huius
1159 1005 1274 1060 pedis
1304 1006 1385 1046 fine
1415 1020 1484 1045 cur
1512 1006 1778 1059 paucissimae
1809 1011 1946 1046 extent

136 1076 426 1129 correptiones,
457 1075 553 1115 inde
577 1075 865 1129 explicandum
896 1088 983 1114 esse
1004 1075 1178 1124 videtur,
1213 1075 1320 1129 quod
1355 1076 1516 1115 omnino
1537 1075 1724 1115 vocabuli
1752 1076 1842 1115 finis
1871 1075 1946 1114 hac

139 1148 180 1186 in
212 1160 351 1185 versus
395 1145 490 1185 sede
521 1132 702 1199 vitatur).
753 1147 793 1184 in
837 1146 974 1198 primis
1017 1146 1093 1185 hac
1130 1147 1172 1185 in
1209 1160 1253 1186 re
1283 1146 1325 1185 in
1357 1159 1521 1186 censum
1553 1146 1666 1185 venit
1696 1145 1824 1185 altera
1853 1159 1945 1199 pars

134 1215 258 1255 thesis
291 1216 467 1267 quintae,
500 1215 570 1254 u'bi
617 1216 877 1268 correptionis
907 1214 1071 1254 Atticae
1102 1217 1141 1253 in
1174 1216 1367 1255 extremis
1397 1215 1603 1255 vocabulis
1634 1215 1830 1255 admissae
1858 1216 1947 1254 toti-

64 1287 66 1290 ⁴
135 1284 224 1324 dem
257 1290 397 1324 extant
428 1285 629 1337 exempla,
674 1291 772 1337 quot
801 1286 844 1323 in
875 1298 1044 1324 caesura
1076 1285 1182 1324 tertii
1209 1285 1287 1338 ped
1300 1286 1334 1324 is
1355 1284 1568 1327 trochaica.
1601 1284 1708 1338 apud
1727 1285 1948 1324 Homerum

135 1367 230 1392 vero
262 1355 304 1392 in
336 1353 408 1392 illa
428 1367 568 1392 versus
599 1352 695 1393 sede
726 1367 804 1392 non
826 1353 921 1406 plus·
938 1355 1015 1392 tria
1038 1354 1155 1393 huius
1177 1355 1435 1407 correptionis
1457 1355 1643 1407 exempla
1663 1355 1945 1393 inveniuntur·-

134 1426 176 1466 E
202 1425 285 1464 462
317 1423 495 1479 ἡγήτορι
529 1424 727 1479 Θρῃκῶν,
758 1424 799 1465 Λ
821 1424 902 1463 572
934 1425 1099 1479 ἄρμενα
1128 1425 1322 1480 πρόσσω,
1353 1425 1400 1466 Κ
1421 1425 1503 1464 234
1533 1424 1606 1466 καὶ
1634 1424 1729 1479 μέλι
1757 1423 1938 1479 χλωρόν.

250 1494 440 1533 Similiter
470 1499 603 1533 autem
633 1499 753 1546 atque
782 1494 824 1532 in
856 1493 1073 1533 Theocrito
1106 1507 1174 1533 res·
1200 1508 1243 1533 se
1281 1494 1406 1533 habet
1439 1495 1558 1533 etiam
1590 1493 1695 1547 apud
1728 1494 1827 1533 alios
1859 1494 1946 1533 eius

135 1563 324 1616 aequales
367 1563 479 1602 velut
520 1561 827 1615 Callimachum,
874 1564 943 1615 qui
982 1564 1250 1616 correptiones
1292 1562 1448 1602 Atticas
1486 1565 1526 1602 iu
1564 1564 1750 1603 extremis
1780 1561 1946 1602 vocibus

136 1633 329 1686 plurimas
360 1631 519 1686 admisit
548 1633 588 1670 in
620 1633 699 1671 fine
728 1632 877 1685 pedum
909 1633 1039 1685 quarti
1070 1638 1109 1671 et
1139 1631 1322 1685 quinti3).
1355 1638 1491 1686 potest
1522 1646 1619 1671 vero
1651 1633 1769 1671 etiam
1797 1632 1874 1671 hac
1903 1632 1944 1670 in

134 1716 178 1740 re
221 1701 414 1740 indicium
456 1702 632 1754 conspici
667 1701 857 1753 ponderis
893 1707 1026 1740 mutae
1069 1716 1101 1743 c.
1134 1702 1162 1742 1.
1195 1701 1302 1754 apud
1331 1701 1449 1741 huius
1482 1703 1621 1741 aetatis
1650 1708 1792 1755 poetas
1825 1701 1945 1740 valde

133 1770 341 1810 imminuti.
375 1769 445 1808 sed
471 1770 653 1819 Nonnus,
688 1771 756 1822 qui
786 1770 827 1808 in
858 1770 1089 1809 universum
1121 1771 1378 1823 correptionis
1406 1770 1570 1809 Atticae
1595 1784 1711 1810 usum
1738 1768 1946 1808 artioribus

134 1841 439 1892 circumscripsit
481 1841 672 1888 terminis,
721 1853 771 1878 ex
810 1839 925 1892 pedis
966 1840 1095 1892 quinti
1132 1840 1210 1879 fine
1254 1841 1310 1878 ita
1342 1854 1430 1879 eam
1462 1840 1627 1892 expulit,
1669 1846 1713 1878 ut
1743 1854 1793 1879 ne
1826 1854 1945 1878 unum

134 1908 295 1962 quidem
325 1909 442 1949 huius
463 1909 621 1962 generis
643 1908 872 1963 exemplum
902 1909 943 1948 in
976 1908 1223 1949 carminibus
1249 1909 1333 1948 eius
1353 1909 1578 1949 inveniatur
1587 1907 1634 1963 4).
1658 1907 1762 1961 quod
1785 1909 1822 1948 si>
1840 1908 1946 1962 apud

133 1979 390 2018 Theocritum
422 1981 463 2018 in
495 1980 620 2019 altera
651 1985 817 2032 quartae
846 1979 968 2018 thesis
997 1985 1112 2032 parte
1144 1985 1204 2018 sat
1230 1980 1462 2032 frequenter
1481 1979 1615 2018 brevis
1635 1979 1786 2018 vocalis
1806 1978 1938 2018 finalis

131 2149 294 2194 τρώγοις,
326 2152 380 2184 111
405 2153 449 2184 26
473 2151 606 2190 Ὄλπις
630 2149 650 2185 ὁ
673 2152 832 2196 γριπεύς,
862 2152 894 2184 V
919 2154 963 2185 86
990 2150 1104 2185 εἴκατι
1132 2152 1271 2195 πληροῖ,
1305 2153 1370 2185 104
1394 2149 1470 2184 ἔστι
1493 2149 1534 2185 δὲ
1557 2150 1705 2195 κρατήρ,
1740 2153 1807 2184 124
1835 2148 1879 2184 τὺ
1904 2150 1945 2185 δε

129 2207 269 2252 Κρᾶθι,
283 2209 332 2241 VI
355 2210 395 2241 16
421 2206 529 2241 ἁνίκα
554 2208 695 2253 φρύγει,
719 2210 789 2242 Vll
806 2211 826 2242 6
851 2208 962 2242 ἄνυσε
985 2207 1134 2253 κράναν,
1158 2210 1202 2241 66
1219 2205 1260 2241 ἐν
1274 2207 1362 2252 πυρὶ
1387 2207 1528 2253 φρυξεῖ,
1555 2210 1618 2242 141
1641 2205 1761 2241 ἔστενε
1789 2207 1943 2252 τρυγών,

130 2266 217 2299 Vm
236 2269 279 2300 29
305 2264 415 2309 ἤθελε
438 2266 584 2311 κρίνειν,
609 2270 652 2301 32
680 2265 815 2311 ἄρξατο
839 2268 985 2312 πρᾶτος,
1015 2269 1058 2301 76
1083 2264 1155 2300 ἁδὺ
1178 2264 1219 2300 τὸ
1245 2269 1400 2310 πνεῦμα,
1425 2268 1468 2300 87
1495 2264 1649 2311 ἀμολγέα
1677 2267 1818 2311 πληροῖ,
1847 2267 1897 2300 IX
1925 2270 1941 2301 1

129 2321 235 2368 ἄρχεο
259 2324 407 2368 πρᾶτος,
433 2325 464 2356 Χ
496 2326 537 2357 19
556 2322 668 2364 αὐτὸς
691 2322 711 2358 ὁ
742 2324 914 2368 Πλοῦτος,
939 2325 989 2357 XI
1008 2326 1051 2357 25
1069 2322 1177 2357 ἁνίκα
1200 2325 1352 2368 πρᾶτονς
1379 2324 1411 2367 b)
1437 2324 1522 2357 XIV
1539 2326 1583 2357 70
1600 2319 1645 2362 ἇς
1678 2321 1771 2366 γόνυ
1792 2323 1943 2369 χλωρόν,

128 2381 251 2414 XVIII
278 2384 321 2415 19
345 2380 440 2415 ἵκετο
463 2383 644 2426 χλαῖναν;’
666 2382 695 2426 c)
720 2381 809 2416 XIII
844 2384 889 2417 46
914 2380 1138 2427 πολυχανδέα
1169 2378 1347 2426 κρωσσόν,
1377 2382 1462 2415 XVI
1497 2383 1539 2416 18
1563 2377 1586 2425 ἢ
1609 2380 1695 2424 γόνυ
1730 2381 1873 2426 κνάμα,
1900 2384 1945 2416 22

131 2436 257 2472 ἔνδοθι
280 2439 421 2484 χρυσός,
457 2443 500 2474 33
527 2438 713 2484 ἀκτήμονα
741 2439 886 2483 κλαίων,
922 2442 966 2474 62
1006 2439 1158 2474 διαειδέι
1192 2438 1358 2483 πλίνθον,
1384 2440 1489 2474 XVII
1526 2442 1571 2473 80
1606 2438 1753 2484 βώλακα
1775 2439 1944 2484 θρύπτει,

131 2499 197 2530 106
221 2496 319 2530 πίονι
341 2497 481 2542 χρυσός,
506 2499 612 2532 XXII
632 2500 676 2532 87
700 2497 775 2532 ἵετο
798 2498 958 2543 πρόσσω,
985 2500 1049 2532 105
1075 2496 1190 2542 αὐτὰρ
1216 2495 1237 2531 ὁ
1261 2496 1416 2542 πληγείς,
1443 2499 1509 2531 110
1525 2496 1660 2531 ἀεικέσι
1685 2498 1851 2541 πληγαῖς,
1877 2499 1943 2532 184

129 2552 266 2598 ἄντυγα
295 2554 455 2599 πρώτην,
490 2556 610 2590 XXIV
635 2558 678 2591 25
713 2555 918 2590 διελάκτισε
942 2557 1101 2601 χλαῖναν,
1138 2559 1183 2591 34
1207 2553 1387 2601 ἐπέδραμε
1418 2554 1551 2601 πράτα,
1589 2556 1633 2590 62
1664 2554 1754 2590 θέτο
1783 2556 1942 2601 χλαῖναν,

129 2615 196 2646 140
221 2609 347 2646 ἕννυτο
370 2613 519 2657 κνάμας,
543 2614 644 2647 XXV
661 2616 707 2647 44
740 2611 876 2647 ἐνθάδε
899 2612 1020 2659 χρειώ,
1045 2615 1113 2647 264
1139 2611 1280 2657 ἔφλασα
1304 2613 1491 2657 προφθάς,
1514 2614 1585 2647 XII
1608 2617 1653 2648 30
1678 2612 1772 2658 εἴαρι
1794 2612 1942 2658 πράτφς

128 2670 168 2718 ᾇ)
195 2669 263 2704 XX
289 2672 310 2704 4
327 2670 446 2716 χείλεα
470 2670 622 2716 θλίβειν,
651 2675 669 2707 7
688 2670 831 2717 ῥήματα
857 2671 1044 2718 φράσδεις,
1067 2672 1154 2706 XXI
1172 2674 1214 2706 14
1232 2668 1336 2712 οὗτος
1359 2669 1379 2706 ὁ
1403 2672 1565 2717 πλοῦτος,
1590 2672 1711 2706 XXIII
1729 2673 1774 2706 34
1798 2668 1940 2716 ἁλμυρὰ

131 2727 310 2769 κλαύσεις.

247 2788 271 2830 ¹)
301 2787 328 2821 1.
357 2798 386 2820 c.
414 2788 442 2828 1,
467 2798 501 2829 p.
527 2789 571 2820 80
596 2781 662 2831 sq.>

241 2844 268 2889 ²)
295 2845 350 2880 Cf.
380 2844 519 2878 Hartel.
544 2845 567 2878 1.
593 2856 622 2878 c.
648 2845 676 2888 1,
700 2857 734 2889 p.
764 2847 821 2880 84.

240 2904 267 2946 ³)
297 2903 350 2936 Cf.
376 2902 502 2936 Prahl.
530 2903 556 2935 l.
582 2915 611 2935 c.
636 2914 671 2945 p.
698 2906 754 2944 42,
777 2904 913 2937 Benek.
937 2904 960 2937 l.
986 2915 1015 2937 c.
1041 2916 1073 2947 p.
1100 2906 1158 2937 44.

237 2960 269 3010 ⁴)
295 2961 346 2994 cf.
374 2960 601 2995 Scheindleri
620 2960 792 3002 ‘Quaestt
818 2961 947 2995 Nonn'.
974 2962 991 2994 1
1020 2963 1063 2994 21
1091 2972 1142 3006 sq.
