2051 3336
1839 93 1918 131 103

623 166 649 189 *-

120 204 302 262 hiatuum
342 219 611 269 frequentiam
657 219 762 270 apud
808 219 908 258 alios
938 223 1079 270 poetas
1110 232 1383 271 comparamus
1426 233 1514 257 cum
1552 233 1626 256 usu
1659 220 1916 257 Theocriteo.

120 290 161 329 in
207 285 377 329 Homeri
420 287 587 340 quidem
631 288 871 328 carminibus
914 288 994 327 duo
1039 288 1126 328 fere
1155 290 1268 329 milia
1297 290 1338 329 id
1370 303 1499 342 genus
1538 290 1718 328 hiatuum
1750 290 1918 341 reperiri

123 360 202 397 iam
235 359 641 397 commemoravimus.
674 358 745 396 sed
777 358 885 410 apud
931 370 999 396 eos
1040 371 1200 410 quoque
1240 365 1381 410 poetas
1424 359 1573 411 epicos,
1620 359 1688 411 qui
1727 358 1917 410 aequales

120 430 284 468 fuerunt
317 427 536 477 Theocriti,
580 427 702 467 latius
743 433 882 481 patere
924 427 1066 467 horum
1102 427 1281 467 hiatuum
1319 442 1432 467 usum
1471 429 1660 480 adparet3
1706 429 1764 467 sic
1794 428 1918 479 Apol-

119 497 250 537 lonius
301 498 344 536 in
391 494 801 537 IOODCCCXXXV
843 496 1206 549 Argonauticorum
1262 498 1444 537 versibus
1498 497 1724 537 CCOOXII
1766 497 1916 535 similes

122 567 254 620 hiatus
284 566 360 606 sibi
393 567 588 606 concessit
602 566 644 618 ¹).

236 636 304 676 Ad
334 636 514 689 singulas
545 641 679 675 autem
709 649 848 676 versus
879 635 994 676 sedes
1038 635 1145 689 quod
1189 635 1354 685 adtinet,
1388 637 1603 676 maximam
1639 643 1797 690 partem
1830 637 1914 676 hia-

122 713 234 745 tuum
265 713 403 746 extare
434 706 616 745 videmus
648 707 689 745 in
721 708 800 745 arsi
831 708 972 758 quinta
993 706 1127 761 (XX),
1158 706 1209 744 ad
1231 720 1350 758 quam
1370 709 1552 758 proxime
1574 708 1769 746 accedunt
1800 721 1908 746 arses

120 776 250 830 prima
292 782 333 816 et
374 776 514 825 altera,
559 789 663 829 quae
703 775 779 816 hac
821 776 863 816 in
905 790 949 817 re
992 776 1048 816 nil
1079 777 1182 816 inter
1212 790 1254 815 se
1286 775 1473 816 differunt
1504 775 1562 831 (in
1595 782 1766 829 utraque
1797 777 1901 818 XVI

122 846 377 898 reperiuntur
406 844 623 901 exempla),
656 851 741 884 tum
771 846 952 899 sequitur
984 847 1082 885 arsis
1114 853 1258 899 quarta
1290 844 1410 901 (XI);
1444 848 1674 899 paucissimi
1706 853 1840 886 autem
1871 847 1912 884 in

122 916 202 955 arsi
239 917 361 955 tertia
401 922 541 955 extant
576 916 722 965 hiatus,
770 918 949 966 quinon
984 917 1074 968 plus
1111 917 1217 955 VIII
1250 923 1355 956 sunt.
1402 930 1448 954 ac
1481 917 1645 967 dignum
1677 924 1737 955 est
1769 931 1912 955 memo-

121 989 211 1024 ratu
257 985 298 1023 in
342 985 522 1038 quinque
562 984 704 1024 horum
747 985 1021 1038 exemplorum
1066 982 1151 1041 (ΠΙ
1196 985 1263 1034 39,
1309 986 1376 1033 42,
1409 985 1473 1024 XI
1505 985 1579 1035 45;
1624 985 1668 1024 II
1701 987 1768 1037 61,
1816 984 1914 1041 145)

121 1056 276 1094 hiatum
308 1057 521 1094 convenire
553 1070 643 1094 cum
675 1057 1014 1107 interpunctione,
1054 1069 1144 1094 cum
1176 1069 1197 1093 e
1231 1057 1372 1094 ceteris
1412 1056 1589 1094 hiatibus
1621 1056 1804 1094 omnibus
1836 1063 1914 1094 tres

121 1129 276 1164 tantum
328 1124 652 1177 interpunctione
703 1125 783 1163 sint
833 1125 1025 1177 insignes,
1072 1138 1241 1177 quorum
1285 1125 1363 1163 duo
1409 1123 1464 1179 (V
1513 1127 1605 1174 116,
1650 1126 1797 1164 XXIV
1841 1123 1912 1179 92)
1971 1120 1976 1128 ’

121 1194 377 1246 reperiuntur
417 1196 459 1233 in
502 1196 581 1233 arsi
628 1195 768 1243 altera,
813 1208 916 1234 unus
961 1194 1021 1249 (Π
1056 1193 1154 1248 158)
1201 1195 1243 1232 in
1286 1196 1366 1233 arsi
1405 1200 1559 1246 quarta.
1593 1195 1635 1232 in
1666 1194 1781 1246 pedis
1812 1196 1915 1233 sexti

73 1260 76 1263 ’
121 1265 199 1302 arsi
243 1278 440 1318 nusquam
482 1265 589 1318 apud
620 1266 883 1304 Theocritum
925 1264 1071 1317 longae
1113 1264 1297 1317 syllabae
1334 1265 1377 1303 in
1406 1264 1522 1303 hiatu
1553 1266 1710 1317 positae
1741 1266 1802 1303 vis
1833 1279 1911 1303 ser-

122 1340 252 1374 vatur.
286 1349 335 1375 ea
365 1341 498 1375 autem
529 1349 593 1375 res
623 1350 704 1376 non
735 1350 824 1376 cum
844 1337 1181 1388 Kruegermanno
1192 1334 1240 1389 2),
1273 1336 1342 1387 qui
1365 1335 1595 1374 Hoffmanni
1626 1337 1807 1386 vestigiis
1838 1336 1913 1373 hac

120 1405 162 1443 in
205 1418 325 1452 causa
363 1405 522 1453 insistit,
567 1406 622 1443 ita
667 1405 910 1457 explicanda
952 1418 1039 1443 esse
1081 1405 1253 1452 videtur,
1298 1406 1410 1456 quasi
1447 1399 1611 1456 propter
1642 1404 1912 1443 infirmitatem

121 1474 238 1513 huius
281 1475 379 1514 arsis
422 1474 554 1513 hiatus
596 1475 637 1513 in
681 1489 729 1514 ea
772 1475 868 1513 ferri
910 1480 1104 1530 nequeam
1143 1487 1281 1513 verum
1313 1481 1357 1512 ut
1395 1474 1505 1529 apud
1537 1474 1757 1512 Homerum
1769 1474 1816 1528 3),
1858 1477 1914 1513 ita

123 1544 243 1583 etiam
274 1544 315 1583 in
347 1544 556 1584 Theocriti
588 1544 830 1583 carminibus
861 1557 983 1583 causa
1014 1545 1099 1583 eius
1130 1544 1189 1582 rei
1221 1557 1271 1582 ex
1308 1544 1396 1596 ipsa
1427 1545 1595 1592 ratione,
1636 1558 1716 1596 qua
1754 1558 1913 1583 versum

122 1615 324 1653 heroicum
369 1615 485 1653 finire
528 1615 684 1654 solebat
728 1621 861 1667 poeta,
893 1614 1115 1666 repetenda
1147 1620 1220 1652 est.
1252 1614 1357 1652 inter
1388 1627 1525 1652 omnes
1565 1616 1671 1653 enim
1704 1615 1914 1653 Theocriti

120 1684 374 1724 hexametros
404 1685 567 1725 LXVII
599 1684 715 1724 modo
759 1685 800 1724 in
830 1685 995 1724 voculas
1027 1685 1139 1723 exire
1171 1683 1469 1736 monosyllabas
1501 1698 1593 1737 pag.
1631 1686 1683 1723 35
1716 1684 1908 1732 vidimus;

119 1761 240 1806 atque
285 1767 336 1793 ex
379 1755 441 1793 his
479 1754 660 1794 versibus
699 1754 850 1793 habent
878 1755 956 1793 XL
987 1755 1193 1792 encliticas
1226 1752 1311 1807 (vel
1342 1754 1507 1792 voculas
1537 1754 1631 1807 μέν,
1663 1754 1725 1805 δέ,
1756 1754 1855 1808 γάρ)
1890 1769 1912 1792 a

121 1825 306 1863 consonis
337 1825 578 1876 incipientes
610 1825 650 1863 in
684 1825 795 1863 exitu
826 1825 989 1876 positas,
1012 1825 1096 1862 XX
1119 1823 1371 1863 substantiva
1394 1822 1525 1877 (velut
1548 1826 1648 1874 Ζεῦ,
1669 1830 1770 1877 πῦρ,
1793 1831 1914 1875 ναῦς,

119 1894 225 1949 χείρ,
266 1897 358 1947 γᾶς,
399 1894 520 1948 βοῦς,
561 1891 656 1948 νύξ)
689 1900 758 1933 aut
788 1894 866 1932 alia
896 1892 1096 1932 vocabula
1127 1891 1256 1948 (velut
1286 1893 1365 1944 δεῖ,
1395 1893 1488 1948 χρή,
1520 1899 1617 1944 νῦν,
1655 1895 1758 1947 πρίν
1789 1893 1912 1944 cett),

119 1976 222 2015 quae
254 1963 396 2002 eodem
426 1963 545 2002 modo
577 1965 735 2003 initium
767 1965 942 2015 capiunt,
988 1965 1046 2002 ita
1077 1964 1252 2015 quidem,
1292 1970 1335 2001 ut
1367 1965 1408 2002 in
1440 1965 1673 2002 universum
1712 1978 1791 2001 non
1825 1965 1914 2015 plus

118 2038 272 2085 septem
303 2033 527 2073 hexametri
557 2034 715 2073 voculis
747 2034 1050 2087 monosyllabis,
1084 2047 1252 2086 quarum
1284 2035 1324 2072 in
1364 2034 1480 2072 initio
1511 2033 1701 2085 leguntur
1737 2035 1911 2081 vocales,

117 2103 319 2141 finiantur.

233 2172 351 2211 Ratio
394 2186 503 2222 vero,
549 2186 629 2225 qua
672 2173 779 2226 apud
811 2173 1071 2213 Theocritum
1115 2173 1248 2212 hiatus
1280 2174 1385 2212 inter
1416 2186 1524 2211 arses
1561 2172 1680 2211 I—V
1727 2173 1912 2212 distribu-

117 2248 250 2289 untur,
296 2255 429 2294 neque
477 2255 565 2281 cum
606 2256 681 2281 usu
712 2243 927 2282 Homerico
960 2244 1143 2294 congruit
1175 2255 1307 2294 neque
1338 2255 1427 2279 cum
1458 2243 1627 2291 ratione,
1668 2256 1772 2293 quae
1805 2243 1912 2295 apud

118 2312 380 2365 Apollonium
422 2314 464 2352 in
502 2313 641 2353 eadem
683 2310 727 2353 re
769 2313 1015 2353 observatur.
1048 2314 1090 2352 in
1121 2313 1291 2352 Homeri
1324 2312 1430 2351 enim
1462 2312 1703 2351 carminibus
1741 2314 1912 2364 primum

117 2382 249 2421 locum
280 2382 358 2421 hac
387 2384 430 2421 in
459 2396 503 2422 re
535 2384 690 2423 obtinet
722 2385 819 2422 arsis
852 2385 985 2431 tertia,
1019 2384 1081 2422 cui
1114 2383 1189 2421 soli
1221 2396 1243 2421 e
1274 2381 1428 2421 duobus
1450 2381 1612 2421 milibus
1634 2383 1911 2434 exemplorum

115 2450 267 2491 DCCV
305 2450 348 2506 (i.
382 2466 417 2492 e.
448 2453 539 2505 plus
570 2454 688 2492 tertia
718 2452 828 2508 pars)
861 2452 1126 2492 adtribuenda
1158 2458 1262 2500 sunt,
1296 2466 1384 2490 cum
1416 2452 1647 2504 paucissimi
1680 2452 1813 2491 hiatus
1844 2467 1913 2491 cx-

111 2527 202 2561 ⁴tent
242 2523 284 2560 in
329 2522 484 2562 arsibus
526 2524 660 2575 prima‘
698 2529 737 2562 et
780 2523 920 2575 quinta
966 2521 1129 2577 (COXC
1172 2522 1213 2560 in
1252 2522 1339 2570 hac,
1386 2521 1607 2561 CLXXIX
1639 2523 1679 2565 in
1713 2521 1816 2577 illa).
1872 2524 1913 2560 in

116 2591 401 2644 Argonauticis
444 2598 576 2632 autem
620 2592 831 2645 Apollonii
873 2593 1036 2645 plurimi
1079 2592 1333 2644 reperiuntur
1374 2592 1506 2630 hiatus
1550 2593 1591 2630 in
1635 2606 1774 2631 versus
1819 2592 1914 2631 sede

119 2668 262 2717 quarta
301 2661 459 2718 (CXIX
508 2663 612 2701 inter
662 2660 888 2701 GOOCXII
938 2660 1154 2716 exempla),
1208 2663 1270 2701 cui
1326 2662 1511 2714 proxime
1574 2662 1730 2702 accedit
1789 2664 1915 2701 altera

233 2826 258 2868 ¹)
284 2824 337 2859 Cf.
361 2825 482 2858 Rzach
506 2825 592 2858 ‘Der
614 2824 743 2858 Hiatus
767 2825 826 2858 bei
848 2824 1012 2869 Apollon.
1039 2824 1164 2858 Rhod.'
1188 2824 1332 2857 Wiener
1358 2823 1457 2858 stud.
1481 2824 1536 2857 111
1561 2827 1620 2858 53.

232 2883 259 2927 2)
285 2882 339 2917 cf.
364 2883 387 2917 l.
414 2894 446 2919 c.
468 2894 502 2927 p.
529 2885 562 2917 3.

232 2940 260 2987 ³)
286 2940 339 2973 cf.
364 2941 563 2975 Hartelium
586 2942 610 2975 1.
635 2952 664 2974 c.
689 2942 725 2975 11
749 2944 793 2975 24
819 2952 893 2986 sqq.
