2051 3336
1870 102 1921 139 ⁷1

4 277 20 296 ³.-
12 196 237 371 >*VJVIII-
269 227 353 281 --46
375 201 549 279 (pent.)
578 207 746 268 οὔθατα
792 209 1051 280 πλήθουσιν,
1088 200 1160 266 καὶ
1202 205 1261 267 τὰ,
1282 226 1361 267 νεὰ
1403 226 1617 281 τρέφεται,
1669 226 1723 265 90
1773 223 1831 274 ὡς
1878 225 1926 266 δὲ

111 296 398 353 κατεσμύχθη
438 296 511 338 καὶ
546 296 810 356 ἀνετράπετο
854 296 993 360 φρένα
1032 296 1163 352 λύπᾳ;
1208 295 1271 352 b).
1286 297 1390 337 XIV
1433 297 1485 337 53
1531 295 1612 338 οὐκ
1655 294 1766 338 οἶδα.
1814 295 1926 337 πλὰν

64 369 285 422 Σῖμος
296 363 339 407 ὁ
348 370 425 416 τᾶς
454 355 717 430 Ἐπιχάλκω
737 358 954 431 soccoth&
999 369 1033 417 c)
1062 366 1171 405 XIII
1213 369 1236 407 3
1270 366 1348 421 οὐχ
1390 366 1492 422 ἁμῖν
1528 365 1581 407 τὰ
1611 366 1719 407 καλὰ
1748 366 1927 422 πράτοις

125 433 234 478 καλὰ
271 436 507 491 φαίνεται
531 427 662 493 εἶμεν,
711 430 836 477 XVII
890 439 969 477 132
1022 438 1098 485 οὓς
1138 437 1280 478 τέκετο
1328 438 1533 493 κρείουσα
1582 436 1675 477 Ρέα
1721 437 1928 490 βασιλῆας

93 498 367 564 ·.³’-O)025parov,
408 506 555 547 XXIV
585 509 611 548 7
648 508 782 550 εὕδετ’
825 506 904 561 ἐμὰ
945 506 1109 562 βρέφεσι
1150 507 1358 562 γλυκερὸν
1400 508 1471 549 καὶ
1514 506 1741 561 ἐγέρσιμον
1771 506 1927 556 ὕπνον,

128 576 183 617 50
224 577 421 620 ἄνστατε··
445 578 583 632 δμῶες
623 577 946 632 ταλασίφρονες.
994 575 1136 625 αὐτὸς
1164 575 1299 626 άυτεῖ;
1344 580 1382 626 d)
1414 577 1584 616 XXVII
1615 577 1668 615 49
1701 577 1814 630 μάλα
1851 574 1926 616 τεὰ

3 645 14 655 ’
109 646 334 701 ’,πράτιστα
362 647 464 689 τάδε
493 648 708 700 χνοάοντα
736 644 911 696 διδάξω.-

243 716 421 756 Primum
450 717 572 768 igitur
601 715 823 776 videamus,
856 715 953 767 quid
987 714 1036 753 de
1067 715 1165 754 locis
1194 714 1217 753 I
1249 716 1315 763 39,
1349 715 1430 754 VII
1452 715 1634 764 25,114
1668 714 1926 754 statuendum

0 775 59 832 35³ss
127 786 189 824 sit.
206 782 479 839 producuntur
491 786 553 825 his
572 786 735 838 quidem
754 786 1110 838 praepositionum
1116 784 1299 838 syllabae
1315 784 1492 833 ultimae,
1516 785 1584 824 sed
1606 785 1926 837 praepositiones

15 847 17 850 ¹
48 853 69 871 ’·
127 848 239 907 ipsae
268 855 471 908 pertinent
500 855 552 894 ad
583 868 643 904 ea,
677 867 782 907 quae
812 853 1070 907 praecedunt.
1104 860 1245 893 extant
1276 860 1408 893 autem
1439 854 1538 893 haec
1569 855 1757 907 exempla
1789 854 1923 894 omnia

3 971 10 978 .
37 922 43 926 ’
102 917 185 979 *in>v
203 924 281 964 arsi
312 924 456 974 altera,
496 925 565 964 ubi
608 920 957 979 praepositionum
1001 923 1254 963 substantiva
1285 937 1358 963 sua
1387 923 1713 976 praecedentium
1746 922 1924 976 syllabas

15 994 18 997 '
80 1001 84 1005 '
126 982 548 1052 ultimas-frequenter
577 994 745 1048 produci
781 1007 902 1050 supra
933 993 1122 1033 vidimus.
1155 1008 1235 1047 qua
1266 993 1315 1034 de
1347 1007 1480 1043 causa,
1519 1007 1761 1046 quamquam
1793 1006 1923 1032 exem-

121 1059 298 1118 plorum,
345 1063 395 1104 de
438 1055 583 1119 quibus
615 1064 770 1118 agitur,
816 1077 902 1115 non·
941 1077 1101 1117 prorsus
1145 1063 1285 1109 eadem
1322 1069 1381 1103 est
1412 1062 1605 1112 condicio,
1649 1069 1785 1102 tamen
1816 1062 1925 1102 haud

132 1131 354 1175 ‘erraturum
387 1148 449 1174 me
476 1148 567 1187 ¹esse
596 1140 706 1188 puto,
739 1134 773 1174 si
794 1134 1052 1182 Theocritum
1080 1135 1280 1186 analogia,
1313 1148 1433 1187 quam
1456 1133 1606 1183 dicunt,
1641 1133 1803 1174 ductum
1826 1134 1925 1173 haec
1981 1164 1983 1167 .

11 1252 14 1254 ,
49 1209 91 1261 'oe
122 1205 207 1244 ‘sibi
258 1210 399 1244 contra
445 1196 681 1258 disciplinae
712 1205 918 1255 rationem
961 1204 1078 1244 modo
1127 1204 1382 1246 inlustratam
1422 1204 1663 1244 concessisse
1705 1204 1925 1253 statuerim;

127 1276 190 1313 cf.
202 1275 323 1313 Ηοιιι.
352 1276 394 1315 T
414 1276 464 1314 10
493 1275 600 1328 τύνη
632 1275 668 1315 δ’
696 1273 951 1337 Ἡφαίστοιο
973 1275 1090 1329 πάρα
1110 1275 1241 1315 κλυτα
1265 1275 1416 1327 τεύχεα
1438 1272 1550 1325 δέξο,
1582 1274 1716 1313 simill.
1750 1280 1924 1313 ceterum

132 1344 450 1398 praepositiones
482 1344 565 1383 his
574 1344 671 1399 locis
704 1357 792 1384 cum
823 1343 1082 1392 substantivis
1112 1345 1355 1396 praegressis
1391 1345 1446 1383 ita
1478 1344 1703 1393 cohaerent,
1735 1349 1781 1382 ut
1812 1344 1926 1397 quasi

62 1408 69 1418 ’
127 1417 253 1453 unam
291 1428 431 1454 vocem
462 1428 550 1454 cum
582 1413 639 1455 eis
670 1414 866 1463 efficiant;
911 1420 1032 1467 atque
1062 1414 1103 1453 in
1134 1413 1342 1454 vocalibus
1375 1414 1562 1453 finalibus
1594 1415 1634 1453 in
1666 1414 1746 1453 arsi
1776 1413 1923 1467 produ-

9 1477 63 1528 ’ᾖ
134 1483 268 1523 cendis
299 1496 434 1523 omnes
464 1489 613 1537 poetae
630 1483 794 1523 vocibus
825 1483 865 1522 in
887 1483 1001 1523 initio
1032 1483 1254 1523 hexametri
1285 1483 1426 1536 positis
1457 1483 1607 1522 maiore
1639 1497 1728 1523 cum
1759 1483 1927 1522 licentia

96 1553 114 1570 ³
133 1543 396 1606 utebantur1).
435 1553 574 1592 eodem
610 1538 727 1591 modo
758 1553 1039 1606 productiones
1071 1554 1112 1591 in
1144 1548 1221 1600 vv.-
1242 1553 1396 1592 XXIV.
1420 1554 1474 1592 50
1506 1555 1687 1594 ἄνστατε
1719 1554 1858 1606 δμῶες
1887 1560 1927 1592 et

59 1665 62 1668 Α
129 1623 301 1666 XXVII
331 1624 384 1664 49
415 1624 528 1677 μᾶλα
556 1622 630 1664 τεὰ
659 1613 868 1678 πράτιότα
910 1621 1174 1676 explicandae
1219 1636 1305 1662 esse
1337 1621 1540 1662 videntur.
1573 1622 1759 1662 similiter
1790 1636 1854 1663 res
1885 1636 1927 1662 se

85 1708 87 1710 >
129 1688 252 1732 habet
295 1693 337 1731 in
378 1705 444 1731 vv.
476 1692 581 1734 XIV
612 1693 665 1733 53
699 1697 738 1731 et
767 1692 891 1736 XVII
920 1693 1014 1731 132.
1053 1692 1125 1732 sed
1154 1692 1231 1732 hoc
1260 1692 1346 1731 loco
1378 1692 1537 1746 syllaba
1567 1693 1709 1731 ultima
1739 1692 1930 1732 vocabuli

35 1755 38 1758 ¹
102 1762 271 1805 »τέκετο
317 1759 449 1818 (μου)
478 1761 723 1815 producitur,
768 1761 878 1814 quod>
918 1762 998 1801 alia
1039 1762 1195 1802 ratione
1225 1763 1266 1801 in
1292 1761 1526 1801 hexametro
1558 1755 1747 1815 usurpari*
1775 1763 1927 1815 nequit,

11 1870 16 1877 ,
66 1829 82 1849 ”
108 1833 201 1878 illo
233 1838 367 1872 autem
401 1833 443 1883 in
473 1846 591 1872 versu
623 1833 741 1871 etiam
772 1833 1054 1886 interpunctiO,
1078 1845 1192 1885 quae
1213 1845 1352 1871 vocem
1381 1829 1479 1873 οἶδα
1502 1832 1693 1885 sequitur,
1713 1846 1805 1872 ιιοιι
1828 1832 1930 1871 nihil

67 1913 70 1916 ·
132 1901 182 1942 ad
214 1900 514 1963 producendam
544 1885 743 1965 syllabam
772 1901 933 1941 finalem
965 1902 1081 1942 huius
1110 1901 1296 1942 vocabuli
1318 1901 1440 1941 valet.
1464 1900 1611 1941 deinde
1641 1907 1720 1941 tres
1753 1900 1837 1957 (III
1861 1903 1926 1951 16,

0 1948 9 1959 Α.
31 1952 44 1998 f
65 1983 95 2030 J
129 1973 238 2014 XIII
272 1975 318 2023 3,
347 1974 496 2013 XXIV
528 1971 572 2028 7)
605 1987 656 2013 ex
686 1962 942 2023 hexametris,
976 1973 1026 2013 de
1058 1973 1201 2026 quibus
1224 1973 1367 2025 agitur,
1399 1973 1703 2030 productionem
1736 1973 1927 2012 exhibent

132 2044 174 2083 in
197 2056 359 2083 caesura
390 2043 685 2111 semiquinaria.
707 2043 770 2082 his
791 2055 887 2082 vero
918 2043 1016 2083 locis
1047 2044 1274 2094 intervallo,
1309 2042 1415 2096 quod
1444 2057 1532 2082 cum
1553 2056 1719 2083 caesura
1738 2043 1929 2096 primaria

128 2114 384 2171 coniunctum
428 2120 498 2163 est,
546 2114 801 2166 insequentis
846 2119 981 2153 mutae
1024 2127 1059 2153 c.
1091 2114 1117 2153 1.
1152 2114 1211 2153 vis
1255 2113 1430 2169 graviter
1460 2114 1704 2165 infringitur.
1736 2114 1778 2152 in
1809 2126 1928 2153 versu

130 2168 292 2248 quidem
321 2182 386 2223 m
419 2185 484 2233 16,
526 2183 595 2223 ubi
643 2184 763 2223 etiam
810 2183 1080 2252 interpunctio
1112 2184 1152 2223 in
1185 2197 1389 2223 caesuram
1422 2183 1542 2237 cadit,
1573 2184 1725 2222 inserta
1755 2198 1781 2224 ν
1812 2196 1927 2235 para-

56 2263 60 2267 ’
128 2255 269 2310 gogica
299 2254 509 2308 productio
540 2247 687 2294 firmari
718 2261 863 2308 potest,
895 2254 993 2294 locis
1025 2256 1167 2294 ceteris
1211 2255 1335 2308 ipsius
1368 2267 1557 2297 caesurae
1588 2254 1649 2293 vis
1681 2252 1731 2292 ad
1762 2253 1937 2294 vocales-

127 2324 409 2379 producendas
438 2325 591 2377 aliquid
623 2327 801 2365 conferre
830 2325 1004 2365 videtur.
1049 2324 1090 2364 id
1122 2325 1227 2366 enim
1259 2330 1303 2363 ut
1334 2329 1546 2370 statuatur,
1591 2323 1761 2362 suadent
1790 2336 1928 2362 versus

128 2395 247 2435 huius
283 2395 463 2448 generis:
500 2396 521 2435 I
562 2396 640 2435 115
663 2391 719 2437 .ὦ
750 2395 886 2448 λύκοι,
931 2390 965 2437 ὦ
1007 2397 1135 2446 θῶες,
1179 2391 1212 2436 ὦ
1255 2393 1320 2436 ἀν’
1366 2395 1479 2449 ὥρεα
1521 2392 1719 2448 φωλάδες
1764 2394 1929 2447 ἄρκτοι,

63 2458 67 2461 ’
101 2458 169 2505 *X
197 2463 268 2505 ,30'
300 2464 327 2505 ἁ
363 2462 431 2515 αἲξ
471 2464 551 2506 τὰν
593 2465 800 2517 κύτισον,
830 2464 853 2506 ὁ
888 2464 1017 2514 λύκος
1057 2463 1144 2514 τὰν,
1168 2461 1268 2519 αἶγα
1312 2463 1471 2516 διώκει,
1515 2464 1563 2503 ef.
1597 2463 1716 2501 etiam
1746 2462 1829 2501 VII
1861 2464 1927 2510 85,

126 2536 232 2575 VIII
261 2536 334 2585 74;
365 2535 490 2574 XXV
508 2521 624 2589 572).
656 2535 816 2574 videtur
847 2535 896 2574 de
926 2533 1254 2586 productionibus
1302 2533 1384 2572 illis
1428 2534 1667 2585 insequente
1699 2539 1809 2572 muta
1842 2547 1876 2573 c.
1899 2533 1928 2574 l.

246 2685 271 2730 ¹)
298 2684 351 2718 Cf.
375 2684 490 2728 legem
515 2687 649 2717 sextam
669 2688 695 2716 'a
718 2682 903 2726 Hilbergio
929 2684 1154 2719 constitutam
1185 2682 1345 2726 ‘Prineip
1383 2682 1445 2716 der
1471 2682 1692 2726 Silbenwag)
1722 2694 1757 2727 p.
1784 2683 1828 2715 38
1853 2692 1930 2725 sqq.

243 2743 270 2788 2)
295 2745 351 2778 De
375 2743 533 2777 brevium
559 2743 775 2796 syllabarum
804 2737 962 2776 finalium
992 2744 1029 2776 in
1054 2753 1229 2776 consonas
1255 2742 1458 2776 exeuntium
1486 2742 1792 2786 productionibus,
1823 2752 1929 2785 quae-

110 2834 112 2836 .
129 2779 280 2846 cumque
302 2803 399 2846 apud
422 2806 546 2845 poetas
565 2792 719 2835 Graecos
737 2802 969 2845 reperiuntur,
994 2802 1058 2844 qui
1071 2804 1152 2844 post
1167 2801 1386 2833 Homerum·
1377 2812 1415 2833 ιιι
1435 2802 1650 2841 carminibus
1675 2801 1929 2843 componendis

120 2862 329 2900 hexametro
355 2861 425 2894 usi
435 2864 526 2903 sunt,
550 2861 621 2894 iam
644 2860 763 2894 Rzach
788 2860 991 2893 accuratius
1017 2860 1087 2903 egit
1133 2859 1269 2892 ‘Neue
1300 2859 1465 2903 Beitriige
1490 2870 1552 2892 zur
1576 2859 1738 2892 Technik
1763 2858 1795 2890 d
1821 2858 1930 2890 nach-

123 2921 256 2952 homer.
281 2920 443 2953 Hexams
460 2919 699 2961 Sitzungsber.
715 2919 777 2952 der
793 2919 986 2952 Wienerk.
1000 2918 1115 2952 Akad.
1134 2918 1195 2951 der
1222 2917 1550 2960 Wiss.,phi1.-hist.
1569 2917 1620 2949 Cl.
1638 2917 1707 2949 vol.
1726 2916 1778 2958 (3.,
1798 2917 1882 2949 fasc.
1903 2919 1934 2948 1.

30 2967 53 2972 ⁵¹
124 2986 195 3020 qua
217 2977 254 3008 in
280 2976 515 3019 disputatione
533 2987 611 3008 cum
640 2976 709 3009 loci
735 2986 877 3019 quoque
893 2971 1102 3030 Theocritei,
1128 2976 1189 3018 qui
1219 2976 1256 3008 in
1281 2985 1425 3008 censum
1449 2975 1608 3017 veniunt,
1634 2984 1756 3007 omnes
1784 2975 1927 3006 tractati
