2051 3336
1875 31 1932 72 49

0 153 92 240 ἓξ
142 162 183 220 b)
211 164 294 204 XV
326 166 392 213 21,
426 166 527 214 1263
574 162 608 218 c)
649 164 780 203 XXII
813 165 909 204 179.
953 162 1031 201 duo
1074 160 1246 213 denique
1288 174 1338 200 ex
1375 158 1557 199 versibus
1599 159 1678 198 illis
1723 160 1803 200 iam
1843 165 1936 211 post

0 233 35 287 {a
127 234 358 274 trochaeum
388 233 502 286 pedis
533 235 662 286 quarti
693 233 945 273 inciduntur:
977 231 1082 271 VIII
1106 233 1159 271 10
1182 230 1274 271 οὐδ’
1297 232 1340 271 εἴ
1363 243 1405 270 τι
1435 230 1611 279 πάθοις,
1640 229 1733 282 τόγ’
1757 228 1931 276 ἀείδων,

84 302 87 305 *
126 303 279 344 XVIII
312 304 363 343 15
396 303 593 345 Μενέλαε
621 304 696 346 τεὰ
727 299 833 353 νυὸς
862 302 954 344 ἅδε.

243 373 373 425 Saepe
393 373 435 411 in
448 373 654 412 Theocriti
682 372 923 411 carminibus
945 370 1130 409 similiter
1151 376 1272 422 atquc
1288 370 1395 422 apud
1412 370 1513 408 alios
1530 374 1671 421 poetas
1693 382 1714 407 c
1724 381 1929 407 aesurae

0 391 10 410 ὲ

0 418 34 450 ff,
93 425 95 427 ’

127 441 269 494 pedis
307 443 448 481 tertii
485 442 779 482 adiuvantur
815 439 1323 493 interpunctionibus.
1367 438 1545 492 postulat
1577 438 1684 476 enim
1714 437 1928 476 verborum

130 517 351 562 contextus,
396 519 441 551 ut
477 527 614 552 versus
650 513 865 552 recitantes
895 510 1119 549 intervallis
1152 523 1200 547 ea
1230 510 1497 560 seiungamus,
1546 522 1652 560 quae
1683 509 1813 546 minus
1845 514 1931 545 arte

130 580 382 631 cohaereant,
425 596 505 621 uno
542 588 678 621 autem
708 587 847 619 tenore
877 579 1195 632 pronuntiemus,
1242 591 1346 629 quae
1375 578 1479 617 inter
1509 591 1552 616 se
1584 578 1708 615 artius
1741 576 1929 628 copulata

114 647 224 690 ¹sint.
255 657 375 705 atque
396 652 472 691 hoc
493 651 609 691 modo
631 663 832 699 caesurae,
866 662 964 702 quas
985 648 1202 688 rhetoricas
1223 648 1309 687 iure
1331 647 1535 700 adpellare
1556 648 1695 701 possis,
1729 647 1927 685 oriuntur.

134 721 203 759 sed
235 721 331 773 quia
362 722 544 760 carminis
574 722 702 760 virtus
733 734 780 759 eo
811 720 938 758 maior
969 725 1039 767 est,
1085 732 1162 771 quo
1193 719 1320 769 magis
1351 719 1477 756 oratio
1509 719 1598 770 ipsa
1629 731 1718 756 cum
1751 717 1929 756 numeris

134 804 321 829 versuum
352 792 564 844 conspirat,
609 803 745 830 omnes
783 789 961 829 melioris
1003 794 1123 827 notae
1167 793 1311 840 poetae
1355 786 1626 836 elaborabant,
1670 793 1714 826 ut
1753 786 1931 838 singulas

140 863 359 900 sententias
396 863 501 900 intra
531 863 721 900 terminos
752 861 927 899 numeris
959 860 1192 898 constitutos
1224 856 1519 898 concluderent.
1569 857 1792 895 cavendum
1824 856 1930 894 enim

134 936 232 984 erat,
265 944 316 970 ne
347 932 535 984 temporis
566 931 804 979 intervallis,
840 943 943 982 quae
973 929 1015 967 in
1048 928 1219 968 confinia
1248 927 1546 967 enuntiatorum
1569 926 1730 974 cadunt,
1763 926 1805 963 in
1829 925 1927 964 alias

133 1014 272 1041 versus
313 1000 428 1040 sedes
471 1007 591 1053 atque
635 1014 714 1047 eas,
762 1013 860 1052 quas
905 1011 1093 1038 caesurae
1135 998 1338 1046 tenebant,
1387 997 1569 1036 admissis
1616 997 1771 1035 numeri
1812 997 1929 1034 nimis

132 1069 399 1108 turbarentur.
445 1071 606 1122 egregie
647 1068 753 1107 hanc
794 1082 877 1107 rem
924 1069 1110 1120 exposuit
1151 1067 1295 1105 Hartel
1333 1067 1355 1105 I
1397 1080 1438 1118 p.
1479 1068 1531 1106 97
1570 1080 1649 1118 sq.:
1696 1065 1765 1104 ‘Es
1807 1064 1935 1103 bleibt

134 1140 273 1177 immer
302 1139 405 1178 noch
437 1138 503 1177 die
533 1140 685 1189 Frage:
719 1153 865 1178 warum
897 1137 986 1177 sind
1018 1137 1167 1190 gerade
1198 1137 1263 1175 die
1286 1136 1488 1176 Caesuren
1516 1135 1933 1188 Hauptanziehungs-

133 1208 288 1260 punkte
321 1207 390 1247 der
420 1207 754 1261 Interpunction?
785 1207 879 1247 Und
911 1206 1055 1246 darauf
1081 1206 1168 1260 gibt
1199 1220 1240 1246 es
1271 1221 1345 1245 nur
1377 1206 1467 1245 eine
1497 1203 1803 1256 bofriedigende
1833 1191 1934 1242 Ant'-

136 1283 252 1316 wort:
287 1277 376 1317 weil
410 1278 518 1317 diese
549 1280 640 1317 eine
669 1279 802 1317 Pause
832 1277 1000 1329 bedingt
1030 1277 1112 1316 und
1144 1277 1209 1316 die
1239 1276 1443 1328 haufigere
1474 1275 1813 1326 Unterbrechung
1846 1274 1934 1313 dem

137 1346 305 1399 rubigen
326 1346 471 1385 Flusse
503 1347 572 1385 des
603 1346 877 1399 griechischen
909 1346 1176 1385 Hexameters
1208 1345 1337 1384 nichts
1369 1346 1547 1397 weniger
1578 1345 1637 1383 als
1668 1357 1931 1396 angemessen

135 1415 287 1454 schien.
335 1416 553 1455 Hoffmann
592 1417 793 1455 formulirt
835 1416 911 1455 den
952 1415 1044 1455 Satz
1088 1429 1131 1454 so
1169 1415 1191 1453 Ι
1230 1417 1304 1455 27:
1348 1416 1564 1454 accedente
1607 1414 1933 1466 interpunctione

137 1490 447 1524 consentaneum
478 1491 538 1524 est
567 1486 693 1524 multo
715 1485 1037 1524 vehementiores
1068 1485 1155 1523 fieri
1187 1498 1383 1534 caesuras,
1417 1498 1538 1537 quam
1571 1497 1674 1537 quae
1704 1484 1933 1523 efficiuntur

136 1555 220 1593 solo
253 1567 394 1593 vocum
425 1555 515 1594 fine.
550 1555 636 1599 Nur
668 1554 827 1594 werden
859 1555 930 1594 wir
961 1554 1027 1593 die
1057 1554 1288 1593 Vehemenz
1320 1555 1435 1593 darin
1467 1554 1690 1603 erblicken,
1723 1553 1813 1592 dass
1844 1553 1935 1591 eine

135 1625 207 1663 mit
251 1624 340 1663 dem
373 1624 570 1663 Satzende
614 1624 1039 1663 zusammcntreffende
1070 1625 1354 1677 Hauptcaesur
1398 1625 1487 1664 eine
1517 1623 1761 1663 merklicher
1792 1623 1833 1661 in
1865 1622 1935 1661 das

136 1693 220 1733 Ohr
262 1693 439 1733 fallende
470 1693 810 1746 Unterbrechung
853 1700 1017 1746 erzeugt
1057 1694 1116 1733 als
1161 1693 1232 1733 das
1264 1694 1543 1734 Zeitintervall
1590 1693 1659 1733 der
1691 1693 1844 1732 Caesur
1883 1705 1935 1729 an

135 1763 219 1802 sich
261 1763 341 1804 ist.’
389 1769 509 1816 atque
552 1764 660 1816 apud
699 1765 958 1804 Theocritum
999 1778 1157 1817 quoque
1199 1765 1542 1817 interpunctiones
1578 1764 1698 1816 longe
1739 1763 1937 1816 plurimae

135 1840 203 1872 aut
234 1847 322 1872 cum
351 1835 460 1872 tertii
490 1833 603 1885 pedis
635 1836 807 1873 caesuris
838 1841 907 1872 aut
938 1849 1026 1872 cum
1049 1835 1239 1873 'bucolica
1272 1836 1528 1873 conveniunt.

252 1903 430 1942 Primum
463 1904 586 1956 igitur
616 1903 824 1944 videamus
855 1905 1221 1954 interpunctionum
1251 1905 1522 1958 frequentiam
1553 1905 1594 1942 in
1626 1916 1791 1942 caesura
1821 1904 1936 1940 semi-

136 1974 320 2023 quinaria
333 1971 388 2025 ¹):
421 1972 462 2026 a)
494 1987 545 2012 ex
574 1988 643 2011 vv.
678 1973 982 2013 CCCCXXXV
1016 1976 1235 2012 carminum
1267 1975 1397 2013 bucol.
1429 1975 1623 2012 incisione
1655 1972 1937 2023 semiquinaria

135 2041 326 2094 praeditis
358 2041 542 2102 CXXIX
573 2043 642 2082 vel
673 2044 769 2083 297
784 2042 834 2098 ⁰l0
879 2044 1243 2096 interpunctionem
1281 2045 1322 2083 in
1362 2058 1408 2083 ea
1454 2043 1647 2083 exhibent
1691 2039 1939 2095 (LXXXIX

135 2110 339 2158 leniorem,
381 2111 459 2148 XL
491 2113 751 2162 graviorem);
796 2110 833 2162 b)
877 2125 928 2150 ex
965 2126 1031 2151 vv.
1067 2112 1218 2150 CCXII
1263 2114 1483 2150 carminum
1522 2113 1670 2150 mimic.
1702 2112 1842 2149 LXXI
1872 2111 1938 2148 vel

137 2179 233 2218 33·4
249 2175 300 2237 ⁰s0
333 2179 697 2233 interpunctionem
728 2179 879 2220 habent
910 2179 1065 2234 (XLIV
1085 2181 1291 2230 leniorem,
1324 2181 1495 2220 XXVII
1526 2181 1786 2234 graviorem);
1821 2177 1855 2233 c)
1888 2193 1937 2218 ex

134 2263 201 2287 vv.
226 2248 327 2287 CCC
359 2251 578 2289 carminum
610 2251 710 2302 epic.
731 2250 833 2288 LXI
854 2252 921 2289 vel
943 2253 1040 2290 20·3
1058 2248 1109 2305 ΟΛ)
1133 2251 1327 2302 praebent
1349 2252 1713 2303 interpunctionem
1735 2248 1937 2304 (XLVIII

134 2317 481 2369 leniorem,'XIII
511 2320 775 2374 graviorem);
808 2318 848 2376 d)
880 2335 931 2361 ex
960 2336 1027 2362 vv.
1061 2319 1219 2361 CXVII
1251 2322 1471 2361 carminum
1504 2320 1599 2362 dub.
1628 2319 1838 2360 XXXVII
1871 2320 1937 2358 vel

137 2390 231 2427 31·ss
248 2388 299 2440 ⁰s0
332 2390 655 2441 interpunctione
687 2397 779 2429 sunt
808 2391 981 2442 praediti
1015 2389 1179 2444 (XXIV
1211 2392 1377 2439 leniore,
1408 2392 1518 2429 XIII
1549 2391 1765 2442 graviore).

250 2458 298 2496 In
318 2471 482 2497 caesura
497 2459 698 2498 trochaica
714 2459 829 2511 pedis
845 2461 954 2499 tertii
972 2461 1288 2512 interpungitur:
1313 2458 1354 2514 a)
1369 2462 1473 2500 inter
1486 2475 1552 2499 vv.
1565 2459 1941 2500 CCCCXXXVIII

137 2527 355 2566 carminum
386 2527 518 2570 bucol.
548 2528 625 2567 hac
656 2542 821 2568 caesura
851 2530 1065 2568 instructos
1103 2531 1146 2568 in
1176 2544 1243 2568 vv.
1273 2529 1454 2568 CXXIV
1481 2531 1548 2568 vel
1577 2532 1673 2568 28·3
1687 2530 1738 2584 ΟΛ)
1784 2532 1842 2579 (in
1872 2545 1938 2568 vv.

134 2596 319 2635 LXXXI
349 2597 492 2646 lenius,
535 2597 577 2635 in
606 2597 753 2636 XLIII
782 2598 983 2649 gravius);
1025 2596 1063 2652 b)
1094 2599 1198 2637 inter
1227 2613 1294 2640 vv.
1328 2597 1549 2637 CCXXXI
1580 2599 1801 2638 carminum
1832 2599 1940 2637 mim.

134 2666 176 2704 in
206 2680 273 2705 vv.
295 2666 503 2705 LXXXII
523 2667 593 2706 vel
634 2667 733 2706 35=5
745 2665 796 2722 ΟΛ)
831 2665 891 2722 (in
910 2667 1058 2706 XLIII
1087 2668 1243 2716 lenius?
1262 2668 1304 2706 in
1324 2668 1521 2707 XXXIX
1552 2669 1749 2722 gravius);
1783 2666 1817 2720 c)
1840 2670 1943 2707 inter

133 2748 202 2777 vv.
235 2735 442 2776 DOCLVI
484 2737 709 2776 carminum
756 2737 857 2789 epic.
889 2738 932 2776 in
962 2751 1031 2778 vv.
1064 2736 1154 2777 CLI
1190 2738 1257 2777 vel
1290 2738 1405 2793 2O⁰s0
1447 2737 1508 2793 (in
1541 2738 1681 2779 CVIII
1711 2739 1853 2784 lenius,
1902 2739 1943 2776 in

255 2830 278 2873 ¹)
303 2830 580 2873 Respiciendum
612 2834 664 2864 est
688 2830 845 2874 singulos
870 2830 1022 2863 editores
1046 2831 1153 2863 variis
1177 2830 1214 2863 in
1231 2831 1514 2875 interpungendo
1539 2832 1589 2864 uti
1607 2832 1820 2875 rationibus3
1847 2834 1943 2875 equi-

108 2892 111 2896 ⁴
135 2888 213 2921 dem
238 2889 343 2921 etiam
370 2890 438 2922 hac
460 2890 499 2922 in
522 2900 560 2922 re
585 2889 772 2923 editionem
798 2892 939 2923 secutus
963 2900 1041 2922 sum
1065 2889 1324 2932 Zieglerianam
1351 2890 1416 2922 III.

1430 2941 1448 2952 κ

171 2962 263 2985 Kuns
271 2964 282 2985 t
291 2978 298 2991 ,
315 2963 353 2984 De
368 2954 502 2986 Theocriti
516 2971 596 2986 versu
611 2965 725 2987 heroico.
1785 2952 1806 2982 4
