2051 3341
0 3306 95 3341 Ξῗαὲῖι,
109 3317 123 3335 Ῠ.
137 3330 159 3341 Γ,
196 3321 226 3341 ,Ji
246 3333 304 3341 qs„
327 3337 350 3341 ..
365 3329 391 3341 z.
415 3330 419 3341 1
440 3339 444 3341 .
499 3321 549 3341 t-Zt!
565 3330 591 3341 μ’.
611 3320 683 3341 '‘R-¹23:

639 787 925 857 CAPUT
980 785 1384 855 TERTIUM.

111 919 171 973 In
219 920 553 991 producendis
610 926 660 976 et
696 921 1036 994 >corripiendis
1079 921 1337 977 vocalibus
1396 924 1514 976 ante
1562 924 1756 974 mutam
1798 935 1911 974 cum

235 1000 430 1073 liquida
472 1002 648 1074 positis
691 1019 816 1074 quas
859 1003 1079 1077 rationes
1122 1007 1322 1057 secutus
1365 1002 1432 1057 sit
1472 1000 1797 1056 Theocritus?

228 1144 362 1182 Mutae
401 1143 458 1181 ita
499 1157 588 1182 cum
623 1144 778 1196 liquida
809 1144 1056 1192 coniunctae,
1089 1151 1133 1182 ut
1173 1144 1274 1183 haec
1308 1144 1421 1182 illam
1442 1143 1631 1195 excipiat,
1655 1155 1759 1194 quae
1791 1142 1842 1181 sit
1870 1142 1913 1180 in

113 1227 156 1253 re
188 1214 352 1253 metrica
383 1214 423 1252 in
455 1214 689 1253 universum
711 1215 828 1263 ratio,
860 1214 1045 1267 pluribus
1077 1220 1121 1253 ut
1142 1227 1358 1267 exponam,
1391 1226 1491 1266 opus
1524 1225 1611 1252 esse
1640 1224 1720 1249 non
1744 1210 1913 1249 videtur.

112 1283 207 1322 satis
239 1284 346 1322 enim
379 1290 534 1323 constat
554 1284 714 1324 vocales
743 1285 899 1333 breves,
932 1298 1036 1337 quae
1063 1285 1135 1324 has
1163 1296 1359 1324 consonas
1380 1282 1634 1330 antecedunt,
1665 1295 1747 1320 non
1778 1279 1916 1320 eodem

112 1353 231 1391 modo
262 1352 431 1404 produci
463 1367 510 1392 ac
541 1355 575 1391 si
607 1353 710 1392 duae
741 1354 931 1405 pluresve
968 1360 1106 1393 mutae
1136 1354 1204 1392 vel
1242 1353 1346 1392 duae
1375 1352 1555 1404 liquidae
1592 1351 1683 1390 illas
1714 1350 1918 1402 excipiant

112 1421 177 1461 vel
208 1421 366 1474 liquida
407 1422 648 1475 insequente
690 1428 813 1464 muta.
866 1436 986 1476 quam
1030 1422 1080 1462 ob
1119 1436 1203 1462 rem
1234 1421 1418 1475 syllabae
1462 1420 1559 1460 illae
1596 1420 1682 1459 iure
1721 1419 1916 1472 ancipites

114 1497 323 1531 vocantur.
376 1505 456 1543 qua
497 1493 655 1531 ratione
699 1499 833 1532 autem
878 1494 960 1542 fiat,
1009 1500 1055 1532 ut
1104 1493 1254 1532 vocalis
1295 1492 1442 1541 brevis,
1487 1505 1591 1543 quae
1633 1495 1783 1529 mutam
1827 1502 1916 1528 cum
1959 1482 1963 1486 ’

116 1560 278 1613 liquida
309 1560 525 1611 antecedit,
558 1561 677 1601 modo
698 1561 945 1614 producatur
975 1561 1094 1602 modo
1116 1561 1250 1601 brevis
1281 1566 1453 1610 maneat,
1486 1559 1675 1613 quodque
1706 1558 1917 1597 discrimen

114 1630 338 1669 intercedat
368 1632 473 1670 inter
503 1637 654 1670 mutam
687 1646 777 1671 cum
808 1632 962 1684 liquida
994 1639 1034 1672 et
1065 1632 1165 1672 alias
1197 1645 1458 1671 consonarum
1495 1630 1701 1669 iuncturas
1732 1627 1782 1667 ab
1813 1627 1917 1666 Har-

113 1698 213 1738 telio
244 1699 563 1740 luculentissime
594 1701 841 1755 explicatum
876 1701 991 1752 est1).

230 1769 309 1808 Sed
346 1784 425 1808 non
464 1771 623 1810 easdem
668 1771 852 1810 omnibus
895 1771 1143 1825 temporibus
1183 1772 1224 1824 in
1268 1770 1537 1824 producendis
1580 1767 1786 1809 vocalibus
1824 1771 1916 1805 ante

116 1844 268 1878 mutam
301 1852 334 1879 c.
370 1840 396 1878 1.
434 1840 576 1893 positis
595 1847 742 1894 poetae
773 1841 1038 1881 observarunt
1067 1841 1193 1894 leges.
1221 1840 1328 1894 apud
1350 1841 1571 1880 Homerum
1602 1838 1765 1892 quidem
1796 1836 1914 1876 alios-

116 1922 195 1960 que
227 1909 330 1960 epici
354 1910 542 1948 carminis
564 1911 778 1962 scriptores
799 1912 943 1950 aetatis
966 1912 1182 1963 superioris
1203 1911 1353 1960 Attica,
1386 1924 1506 1962 quam
1535 1909 1686 1958 dicunt,
1719 1906 1916 1960 correptio

114 1977 216 2017 adeo
247 1991 338 2018 raro
377 1979 595 2028 invenitur,
628 1984 687 2029 ut,
718 1980 963 2033 ubicumque
1005 1980 1092 2019 fieri
1122 1980 1164 2019 id
1201 1981 1346 2033 potuit,
1389 1992 1541 2018 summa
1578 1991 1666 2017 cum
1704 1990 1797 2016 cura
1828 1989 1915 2015 eam

112 2049 283 2087 vitatam
316 2062 403 2088 esse
425 2048 668 2088 contendere
699 2049 832 2089 liceat.
866 2050 1123 2101 restringitur
1154 2050 1262 2089 enim
1283 2050 1443 2102 saepius
1475 2062 1523 2088 ea
1550 2047 1725 2088 admissa
1745 2046 1914 2100 sponde-

114 2131 225 2156 orum
263 2132 357 2157 usus
397 2124 564 2171 totaque
600 2131 741 2158 versus
778 2118 928 2158 heroici
967 2119 1147 2171 gravitas
1186 2118 1308 2159 valde
1337 2118 1605 2168 imminuitur3
1649 2117 1750 2164 haec
1780 2122 1914 2155 autem

113 2192 160 2225 ut
194 2194 434 2236 servaretur,
466 2193 614 2240 poetae
645 2187 706 2226 illi
735 2187 953 2239 diligenter
982 2187 1209 2228 elaborasse
1240 2188 1440 2227 videntur.
1473 2189 1515 2227 in
1546 2186 1788 2226 carminibus
1818 2199 1914 2225 vero
1985 2194 1988 2198 '

113 2269 234 2295 versu
265 2256 423 2296 heroico
456 2257 704 2310 conscriptis,
738 2270 842 2309 quae
862 2257 1119 2297 inferioribus
1141 2263 1228 2297 orta
1258 2264 1351 2297 sunt
1382 2256 1641 2312 temporibus,
1671 2269 1819 2308 magna
1839 2255 1915 2293 bac

114 2326 157 2364 in
187 2339 231 2365 re
264 2325 468 2368 observari
498 2332 632 2379 potest
662 2327 902 2369 immutatio.
935 2328 1207 2380 correptiones
1229 2329 1334 2367 enim
1357 2326 1522 2367 Atticae
1545 2326 1674 2378 magis
1704 2325 1915 2377 magisque

114 2395 420 2436 increbrescunt
450 2410 497 2435 ac
528 2410 599 2436 suo
630 2397 717 2436 iure
740 2395 790 2437 G.
812 2397 1020 2437 Hermann
1053 2398 1143 2437 ‘vix
1175 2397 1303 2438 ullum
1339 2398 1484 2439 certius
1518 2396 1750 2437 recentioris
1771 2386 1913 2442 aetatis

115 2479 202 2505 esse
233 2465 444 2504 indicium'
465 2465 659 2515 adfirmat,
694 2470 833 2518 ‘quam
866 2467 973 2519 quod
1005 2481 1028 2506 e
1060 2467 1198 2507 crebro
1230 2468 1370 2507 harum
1408 2467 1706 2521 correptionum
1741 2479 1816 2505 usu
1848 2463 1914 2503 de·

112 2532 396 2587 promatur'2).
443 2548 575 2588 neque
615 2540 749 2575 tamen
801 2536 908 2575 hunc
947 2537 1262 2589 frequentiorem
1303 2537 1565 2590 correptionis
1607 2536 1767 2575 Atticae
1797 2545 1913 2574 usum

112 2617 203 2642 cum
223 2603 457 2642 Hermanno
488 2604 713 2643 barbariem
724 2605 754 2655 ³)
790 2606 976 2658 equidem
1008 2605 1223 2657 adpellem.
1255 2621 1348 2646 nam
1378 2613 1660 2659 praeterquam
1694 2604 1801 2658 quod
1823 2604 1913 2656 ipsa

112 2673 280 2725 linguae
311 2679 456 2712 natura
485 2673 731 2726 procedente
760 2680 941 2728 tempore
972 2689 1052 2715 non
1084 2676 1224 2716 eadem
1256 2677 1415 2723 mansit,
1446 2682 1608 2730 reputes
1640 2687 1790 2728 quaeso
1819 2672 1914 2712 inde

228 2823 253 2865 ¹)
281 2822 335 2856 cf.
360 2822 383 2856 1.
410 2833 439 2856 c.
465 2823 484 2855 1
507 2834 541 2866 p.
567 2825 612 2857 45
637 2835 700 2868 sq.‚
726 2826 780 2858 85.

225 2881 253 2925 ¹)
283 2882 334 2914 De
360 2884 477 2914 aetate
504 2882 621 2924 script.
647 2882 777 2925 Argon.
803 2894 836 2926 p.
863 2882 940 2917 755.

225 2939 252 2981 ³)
279 2939 333 2974 eft
351 2938 438 2974 ibid.
455 2950 489 2983 p.
517 2941 594 2974 761.

823 3304 834 3314 τ,
984 3308 988 3315 „
1016 3312 1020 3314 ¹
1086 3307 1088 3309 .
1223 3294 1236 3312 ;
1262 3305 1273 3316 ‚·
1330 3293 1427 3317 ,‘²·-‚3.²->-
1443 3305 1461 3313 ,.

684 3318 727 3341 :lc
751 3312 1160 3341 Qffivnmmssm
1165 3309 1393 3341 ijgzffln'ffl,
1400 3309 1423 3323 '⁴
1442 3315 1453 3329 ·-¹

2008 1810 2022 1837 af*
2017 1794 2024 1799 Δ,
2012 1603 2017 1607 .
2011 1452 2015 1455 r
2012 1348 2017 1352 r

2024 1731 2051 1831 :sumt
2029 1655 2051 1716 zan..
2041 1615 2051 1626 -λ
2036 1560 2051 1573 ,;
2041 1527 2051 1542 1-
2042 1483 2051 1506 -.,
2048 1470 2050 1472 .
2033 1441 2051 1458 ‹·
2033 1342 2051 1422 sq.
