2051 3336
1872 84 1928 123 35

159 280 161 283 .
203 236 397 269 hexametri
1359 238 1395 268 in
1426 237 1590 269 omnibus

202 297 331 327 exeunt
353 295 391 326 in

212 351 388 384 vocabula
1438 361 1517 392 gen.

671 433 706 468 olo
784 437 786 440 *
961 432 997 465 olo
1252 433 1287 466 olo
1544 431 1578 466 olo
1835 433 1871 467 010
1911 457 1912 466 1

154 479 401 520 monosyllaba
428 505 435 513 .
499 482 543 513 25
567 481 624 514 vel
672 483 727 513 2·9
791 482 833 512 13
858 479 916 511 vel
964 481 1019 511 2·9
1052 476 1054 478 ’
1080 481 1124 512 29
1149 480 1207 512 vel
1251 481 1307 511 2⁸7
1371 481 1414 511 67
1439 480 1497 512 vel
1545 481 1601 512 2·8
1664 482 1706 512 13
1732 480 1789 512 vel
1835 483 1892 513 4·6

154 537 330 581 bisyllaba
359 562 367 571 .
392 564 400 571 .
427 565 435 572 .
477 539 545 572 280
588 564 604 579 „
648 540 727 572 32·0
769 539 834 570 172
879 562 894 578 „
939 538 1020 570 38·8
1058 540 1123 571 391
1169 564 1184 578 „
1229 539 1310 570 37·o
1347 538 1415 571 843
1461 563 1476 577 „
1520 538 1600 571 36·0
1642 539 1708 570 110
1752 563 1767 578 „
1810 539 1891 571 38·3

154 595 335 639 trisyllaba
358 621 365 629 .
394 622 401 629 .
427 622 434 630 .
477 597 543 629 441
589 621 605 635 „
649 598 728 629 50·3
770 597 834 628 170
878 620 893 634 ,,
938 596 1018 628 38·4
1056 597 1124 629 382
1168 621 1183 636 „
1460 621 1475 636 „
1521 596 1599 628 ‹il-6
1641 598 1706 629 126
1752 622 1767 636 „
1810 598 1891 629 43·9

156 654 400 697 tetrasyllaba.
427 680 435 688 .
502 656 545 687 97
590 678 606 694 ,,
652 655 729 687 11·0
792 655 834 686 73
878 677 893 692 „
1459 679 1474 694 „
1522 654 1600 687 15·4
1662 656 1705 687 37
1750 679 1765 694 „
1814 655 1891 686 12⁴3
1911 697 1912 702 1

154 712 310 755 quinque
329 711 435 755 sylla·
1910 705 1912 724 ³

176 769 301 801 barum
322 793 332 801 .
358 792 367 801 .
393 794 401 801 .
427 793 432 800 .
501 770 545 802 33
590 793 605 807 „

104 834 106 837 ⁴
155 825 436 868 sexsyllabarum
582 843 626 848 —

1458 795 1473 809 „
1540 771 1597 802 3·8
1685 772 1701 801 1
1749 795 1764 810 ,,
1831 771 1911 824 023>

1392 827 1412 857 8
1457 850 1472 866 „
1539 828 1594 859 0-4
1740 845 1785 850 -
1909 828 1910 832 ’

233 942 319 980 Iam
352 942 518 994 adparet
548 944 668 994 longe
701 943 938 995 saepissime
977 944 1018 981 in
1050 943 1259 981 Theocriti
1292 943 1534 981 carminibus
1566 957 1706 982 versus
1739 944 1925 982 desinere

119 1012 161 1049 in
191 1024 335 1051 voces
368 1011 563 1051 duarum
602 1013 681 1052 vel
717 1014 863 1051 trium
901 1013 1216 1064 syllabarum.
1270 1012 1340 1052 sed
1377 1027 1457 1051 non
1499 1012 1639 1051 eadem
1678 1013 1923 1064 singulorum

121 1080 198 1119 hac
228 1082 268 1119 in
300 1095 344 1120 re
375 1088 435 1120 est
466 1081 706 1133 edylliorum
738 1095 929 1133 generum
960 1083 1079 1131 ratio;
1111 1083 1153 1120 in
1185 1095 1241 1121 cc.
1275 1083 1381 1120 enim
1411 1082 1544 1121 bucol.
1577 1081 1702 1120 multo
1735 1088 1926 1133 superant

121 1163 273 1198 versus,
308 1151 376 1202 qui
407 1151 448 1188 in
480 1150 559 1189 fine
589 1150 739 1189 habent
770 1164 889 1189 voces
919 1150 1165 1202 trisyllabas,
1212 1157 1349 1189 contra
1380 1152 1420 1188 in
1453 1150 1617 1202 edylliis
1647 1151 1757 1190 mim.
1790 1156 1831 1188 et
1862 1164 1924 1202 ep.

60 1219 63 1225 ‘
121 1232 194 1271 par
224 1220 307 1257 fere
340 1226 400 1258 est
430 1220 658 1271 frequentia
679 1220 944 1259 clausularum
969 1220 1262 1273 bisyllabarum
1284 1226 1324 1258 et
1343 1220 1661 1273 trisyllabarum.
1695 1234 1782 1258 cum
1804 1220 1927 1270 igitur

118 1289 161 1326 in
193 1302 250 1328 cc.
288 1288 418 1328 bucol.
457 1291 564 1328 inter
600 1291 799 1328 clausulas
843 1290 1076 1342 trisyllabas
1122 1295 1161 1328 et
1204 1296 1357 1328 ceteras
1403 1289 1543 1327 eadem
1580 1290 1666 1327 fere
1702 1289 1926 1328 intercedat

109 1355 234 1406 ratio,
278 1372 381 1410 quae
417 1356 528 1411 'apud
567 1360 785 1399 Homerum
832 1359 899 1411 (cf.
932 1358 1111 1399 Bekker.
1149 1359 1175 1398 1.
1210 1356 1277 1412 (3.),
1322 1360 1362 1397 in
1401 1358 1568 1406 duobus,
1614 1373 1716 1410 quae
1759 1365 1923 1405 restant,

119 1429 342 1466 carminum
372 1429 588 1480 generibus
620 1430 859 1468 Theocritus
891 1429 942 1466 ab
972 1443 1048 1467 usu
1078 1429 1150 1466 illo
1181 1429 1344 1480 paulum
1378 1429 1556 1467 recessit.

233 1497 288 1535 Ut
318 1497 516 1536 Homerus
530 1498 555 1545 ¹)
599 1500 655 1535 ita
692 1499 811 1536 etiam
843 1498 1080 1536 Theocritus
1119 1499 1328 1535 verborum
1367 1499 1514 1535 formas
1554 1503 1769 1548 augmento
1800 1510 1916 1549 prae-

121 1560 251 1616 posito
278 1555 514 1618 ¹‘trisyllabas
546 1568 671 1606 factas
706 1566 836 1622 (velut
866 1566 1022 1616 ἔδωκα)
1056 1568 1097 1605 in
1129 1567 1352 1606 hexametri
1385 1568 1497 1606 exitu
1536 1565 1739 1619 praeferre
1768 1567 1925 1606 solebat

121 1635 257 1673 formis
297 1641 509 1686 augmento
554 1635 794 1683 carentibus,
841 1636 999 1674 etiamsi
1037 1636 1190 1675 vocalis
1228 1637 1269 1674 in
1304 1637 1383 1682 fine
1418 1635 1608 1674 vocabuli
1646 1635 1923 1674 antecedentis

118 1705 250 1746 nosita
300 1705 466 1744 elisione
514 1706 757 1745 removenda
803 1712 905 1744 erat:
957 1703 999 1760 a)
1041 1706 1062 1743 I
1107 1707 1160 1744 57
1206 1702 1306 1759 αἶγα
1344 1708 1378 1746 τ’
1409 1705 1551 1746 ἔδωκα
1596 1702 1694 1760 (non
1739 1702 1840 1759 αἶγά
1881 1720 1925 1746 τε

117 1771 272 1828 δῶκα),
313 1774 375 1812 IV
405 1776 458 1813 28
497 1774 552 1814 ἅν
592 1776 688 1815 ποκ’
721 1772 868 1824 ἔσταξα,
912 1776 964 1814 59
1002 1779 1079 1823 τοῖς
1114 1777 1209 1815 ποκ’
1243 1774 1437 1827 ἐκνίσθη,
1470 1775 1509 1812 V
1545 1779 1591 1813 11
1636 1774 1745 1814 ἁνίκ’
1778 1774 1926 1824 ἔθυσε,

129 1844 172 1880 12
205 1842 276 1882 καὶ
305 1843 393 1883 τόκ’
426 1842 591 1893 ἐτάκευ,
622 1846 673 1882 81
697 1847 814 1897 πρᾶν
843 1845 938 1883 ποκ’
971 1842 1125 1893 ἔθυσα,
1157 1844 1290 1881 V1'21
1315 1843 1425 1883 ἁνίκ’
1459 1843 1624 1897 ἔβαλλε;
1660 1845 1700 1881 in
1730 1857 1768 1881 v.
1791 1850 1925 1881 autem

120 1912 222 1949 VIII
244 1914 296 1950 93
330 1913 585 1950 consentiunt
614 1911 706 1949 libri
728 1912 768 1949 in
791 1912 988 1962 scriptura
1008 1912 1155 1951 Ναΐδα
1176 1916 1328 1964 γᾶμεν;
1363 1911 1400 1964 b)
1426 1913 1469 1949 II
1495 1914 1573 1950 155
1596 1913 1737 1952 ἄλλοκ’
1760 1910 1926 1965 ἑφοίτη,

116 1981 199 2019 XV
231 1982 282 2020 81
315 1981 524 2036 γράμματ’
557 1979 762 2035 §pompam
808 1981 840 2028 c)
877 1980 1007 2018 XXII
1042 1982 1120 2019 182
1158 1981 1291 2033 τεύχε’
1323 1980 1491 2031 ἔθεντο,
1534 1981 1660 2020 XXV
1694 1983 1775 2020 187
1808 1980 1924 2034 ἀνέρ’

116 2049 294 2103 ἔφαντο.
338 2064 360 2088 e
404 2051 645 2089 carminibus
688 2052 851 2102 originis
895 2050 1043 2089 dubiae
1086 2051 1300 2089 accedunt:
1347 2050 1456 2088 XIX
1488 2053 1511 2088 3
1556 2051 1628 2090 καὶ
1669 2050 1754 2103 χέρ’
1770 2049 1925 2103 ἑφύση.

118 2120 226 2159 ΧΧΙ
258 2121 312 2159 50
342 2118 460 2173 ἠρέμ’
492 2117 622 2168 ἔνυξα
652 2117 775 2174 (hanc
804 2120 1018 2158 lectionem
1048 2126 1156 2158 recte
1187 2119 1348 2158 videtur
1378 2120 1600 2158 restituisse
1632 2118 1682 2158 G.
1715 2120 1922 2158 Hermann

119 2202 190 2241 pro
223 2202 282 2236 ea,
324 2202 443 2240 quam
480 2189 674 2227 exhibent
709 2187 803 2241 libri
834 2202 855 2227 c
886 2195 925 2227 et
958 2191 1030 2228 18:
1070 2185 1136 2241 ἆρ’
1160 2187 1233 2241 ἐμὲ
1263 2186 1426 2242 νύξας).
1473 2195 1649 2227 attamen
1681 2188 1925 2226 Theocritus

120 2257 228 2296 haud
259 2258 317 2296 ita
346 2270 492 2309 magno
525 2257 655 2296 studio
687 2256 913 2296 adfectasse
932 2258 1094 2296 videtur
1125 2258 1323 2296 clausulas
1353 2258 1600 2309 trisyllabas,
1634 2257 1674 2294 id
1708 2257 1812 2309 quod
1837 2271 1924 2295 cum

119 2340 167 2365 ex
197 2327 339 2366 tabula
364 2327 572 2379 proposita
612 2332 695 2365 tum
737 2340 787 2365 ex
818 2327 911 2366 aliis
942 2327 1102 2366 indiciis
1134 2328 1322 2378 cognosci
1348 2333 1492 2379 potest,
1526 2328 1639 2365 velut
1671 2341 1721 2366 ex
1753 2341 1828 2365 usu
1849 2328 1926 2365 for—

119 2408 272 2433 marum
288 2395 403 2433 verbi
423 2395 790 2448 tetrasyllabarum,
824 2409 927 2449 quae
949 2397 1096 2435 omisso
1118 2402 1332 2448 augmento
1354 2396 1594 2448 trisyllabae
1615 2396 1703 2434 fieri
1723 2401 1922 2447 poterant,

118 2467 159 2503 in
201 2465 280 2502 fine
322 2464 547 2502 hexametri
582 2464 852 2516 praecedente
890 2466 1071 2504 elisione.
1117 2467 1174 2504 sic
1205 2466 1364 2517 scripsit
1395 2466 1656 2504 Theocritus:
1697 2468 1736 2514 a)
1771 2464 1809 2502 V
1843 2467 1924 2503 135

116 2536 235 2590 κάρτ’
257 2533 460 2589 ἐφίλασεν
490 2539 585 2581 (non
605 2535 742 2589 κάρτα
762 2533 977 2590 φίλασεν),
1008 2535 1070 2574 VI
1090 2538 1144 2575 46
1167 2535 1401 2589 ἀνήσσατοι
1431 2535 1468 2576 δ’
1491 2534 1707 2589 ἐγένοντο,
1736 2535 1819 2574 VH
1843 2537 1925 2574 145

115 2604 185 2646 τοὶ
215 2604 253 2645 δ’
270 2603 470 2657 ἐκέχυντο
493 2599 587 2658 (soli
608 2603 723 2642 codd.
746 2609 867 2642 notae
888 2604 1098 2643 deterioris
1119 2603 1177 2651 νδ,
1202 2607 1241 2651 8,
1271 2607 1309 2644 Τ
1326 2605 1517 2643 exhibent
1544 2603 1613 2644 τοὶ
1640 2603 1688 2644 δὲ
1709 2602 1926 2659 κέχυντο),

118 2673 153 2728 c)
184 2675 293 2725 XIII
324 2676 375 2713 66
409 2674 499 2714 ὅσθ’
532 2673 755 2729 ἐμόγησεν,
790 2674 920 2712 XXII
950 2676 1032 2713 103
1065 2673 1532 2727 o'cunxavsovv'ivonoe,
1563 2674 1688 2712 XXV
1721 2676 1773 2713 62
1806 2675 1924 2715 πόλλ’

117 2742 319 2797 ἐμενοίνα
350 2742 445 2798 (hoo
475 2744 582 2782 enim
613 2738 809 2797 praebent
845 2743 959 2782 codd.
993 2756 1026 2791 c,
1059 2756 1111 2792 m,
1147 2747 1213 2797 11,
1250 2745 1314 2794 18,
1347 2755 1402 2792 w;
1446 2742 1584 2783 πολλὰ
1620 2743 1801 2797 μενοίνα
1833 2742 1923 2782 edd.

82 2848 86 2852 .
115 2812 221 2851 Iunt.
246 2819 286 2851 et
306 2811 444 2867 (talk),
479 2815 531 2851 68
560 2809 650 2861 αἶψ’
682 2811 868 2865 ἐνόησαν
899 2811 1025 2865 (quod
1056 2826 1192 2851 omnes
1224 2812 1340 2852 codd.
1371 2812 1525 2851 habent
1555 2819 1717 2864 praeter
1746 2813 1838 2852 libr.
1870 2812 1924 2859 D,

234 2934 257 2974 ¹)
285 2933 339 2966 Cf.
363 2934 418 2966 La
440 2934 566 2966 Rochii
590 2934 752 2966 ‘Homen
777 2933 928 2966 Unters'
953 2945 987 2975 p.
1013 2935 1058 2967 80
1083 2945 1134 2976 sq.

1742 2990 1784 3022 3¹}
