<?xml version="1.0" encoding="UTF-8"?>
<!DOCTYPE html PUBLIC "-//W3C//DTD XHTML 1.0 Transitional//EN"
    "http://www.w3.org/TR/xhtml1/DTD/xhtml1-transitional.dtd">
<html xmlns="http://www.w3.org/1999/xhtml" xml:lang="en" lang="en">
 <head>
  <title>
</title>
<meta http-equiv="Content-Type" content="text/html;charset=utf-8" />
  <meta name='ocr-system' content='tesseract 3.04.00' />
  <meta name='ocr-capabilities' content='ocr_page ocr_carea ocr_par ocr_line ocrx_word'/>
</head>
<body>
  <div class='ocr_page' id='page_1' title='image "./4627549_0041.png"; bbox 0 0 2051 3336; ppageno 0'>
   <div class='ocr_carea' id='block_1_1' title="bbox 0 0 437 897">
    <p class='ocr_par' dir='ltr' id='par_1_1' title="bbox 0 0 437 897">
     <span class='ocr_line' id='line_1_1' title="bbox 0 0 437 299; baseline 0 -134"><span class='ocrx_word' id='word_1_1' title='bbox 0 0 437 299; x_wconf 95' lang='lat' dir='ltr'><strong>    </strong></span> 
     </span>
     <span class='ocr_line' id='line_1_2' title="bbox 0 299 111 441; baseline 0 -25"><span class='ocrx_word' id='word_1_2' title='bbox 0 299 111 441; x_wconf 95' lang='lat' dir='ltr'><strong>   </strong></span> 
     </span>
     <span class='ocr_line' id='line_1_3' title="bbox 0 441 111 507; baseline 0 0"><span class='ocrx_word' id='word_1_3' title='bbox 0 441 111 507; x_wconf 95' lang='lat' dir='ltr'><strong>  </strong></span> 
     </span>
     <span class='ocr_line' id='line_1_4' title="bbox 0 507 111 652; baseline 0 -28"><span class='ocrx_word' id='word_1_4' title='bbox 0 507 111 652; x_wconf 95' lang='lat' dir='ltr'><strong>   </strong></span> 
     </span>
     <span class='ocr_line' id='line_1_5' title="bbox 0 652 136 897; baseline 0 -23"><span class='ocrx_word' id='word_1_5' title='bbox 0 652 136 897; x_wconf 95' lang='lat' dir='ltr'><strong>     </strong></span> 
     </span>
    </p>
   </div>
   <div class='ocr_carea' id='block_1_2' title="bbox 1858 68 1914 105">
    <p class='ocr_par' dir='ltr' id='par_1_2' title="bbox 1858 68 1914 105">
     <span class='ocr_line' id='line_1_6' title="bbox 1858 68 1914 105; baseline 0 0"><span class='ocrx_word' id='word_1_6' title='bbox 1858 68 1914 105; x_wconf 77' lang='lat'><strong>29</strong></span> 
     </span>
    </p>
   </div>
   <div class='ocr_carea' id='block_1_3' title="bbox 0 177 1921 1219">
    <p class='ocr_par' dir='ltr' id='par_1_3' title="bbox 0 177 1921 858">
     <span class='ocr_line' id='line_1_7' title="bbox 146 177 1918 248; baseline -0.001 -15"><span class='ocrx_word' id='word_1_7' title='bbox 146 193 383 248; x_wconf 29' lang='lat' dir='ltr'><strong>,mononem,</strong></span> <span class='ocrx_word' id='word_1_8' title='bbox 425 207 530 246; x_wconf 82' lang='lat' dir='ltr'><strong>quae</strong></span> <span class='ocrx_word' id='word_1_9' title='bbox 560 186 623 234; x_wconf 87' lang='lat' dir='ltr'><strong>res</strong></span> <span class='ocrx_word' id='word_1_10' title='bbox 654 196 707 234; x_wconf 86' lang='lat' dir='ltr'><strong>ad</strong></span> <span class='ocrx_word' id='word_1_11' title='bbox 737 177 1033 235; x_wconf 78' lang='lat' dir='ltr'><strong>cohaerentiam</strong></span> <span class='ocrx_word' id='word_1_12' title='bbox 1065 191 1288 241; x_wconf 85' lang='lat' dir='ltr'><strong>verborum,</strong></span> <span class='ocrx_word' id='word_1_13' title='bbox 1320 207 1424 245; x_wconf 87' lang='lat' dir='ltr'><strong>quac</strong></span> <span class='ocrx_word' id='word_1_14' title='bbox 1455 192 1698 231; x_wconf 88' lang='lat' dir='ltr'><strong>antecedunt</strong></span> <span class='ocrx_word' id='word_1_15' title='bbox 1728 194 1797 231; x_wconf 88' lang='lat' dir='ltr'><strong>vel</strong></span> <span class='ocrx_word' id='word_1_16' title='bbox 1828 193 1918 232; x_wconf 90' lang='lat' dir='ltr'><strong>sub-</strong></span> 
     </span>
     <span class='ocr_line' id='line_1_8' title="bbox 134 256 1921 317; baseline 0.001 -17"><span class='ocrx_word' id='word_1_17' title='bbox 134 256 313 317; x_wconf 47' lang='lat' dir='ltr'><strong>esuritur,</strong></span> <span class='ocrx_word' id='word_1_18' title='bbox 355 276 434 301; x_wconf 93' lang='lat' dir='ltr'><strong>non</strong></span> <span class='ocrx_word' id='word_1_19' title='bbox 471 263 621 303; x_wconf 87' lang='lat' dir='ltr'><strong>nullius</strong></span> <span class='ocrx_word' id='word_1_20' title='bbox 663 269 724 303; x_wconf 87' lang='lat' dir='ltr'><strong>est</strong></span> <span class='ocrx_word' id='word_1_21' title='bbox 763 264 953 303; x_wconf 84' lang='lat' dir='ltr'><strong>momenti</strong></span> <span class='ocrx_word' id='word_1_22' title='bbox 967 262 1012 316; x_wconf 90' lang='lat'><strong>1).</strong></span> <span class='ocrx_word' id='word_1_23' title='bbox 1057 268 1177 314; x_wconf 89' lang='lat' dir='ltr'><strong>atque</strong></span> <span class='ocrx_word' id='word_1_24' title='bbox 1215 262 1410 301; x_wconf 78' lang='lat' dir='ltr'><strong>exhibent</strong></span> <span class='ocrx_word' id='word_1_25' title='bbox 1440 275 1640 310; x_wconf 87' lang='lat' dir='ltr'><strong>versuum,</strong></span> <span class='ocrx_word' id='word_1_26' title='bbox 1686 262 1736 301; x_wconf 91' lang='lat' dir='ltr'><strong>de</strong></span> <span class='ocrx_word' id='word_1_27' title='bbox 1774 262 1921 314; x_wconf 86' lang='lat' dir='ltr'><strong>quibus</strong></span> 
     </span>
     <span class='ocr_line' id='line_1_9' title="bbox 111 318 1914 390; baseline -0.001 -19"><span class='ocrx_word' id='word_1_28' title='bbox 111 318 258 390; x_wconf 59' lang='grc' dir='ltr'><strong>αᾷὶὲιιτ,</strong></span> <span class='ocrx_word' id='word_1_29' title='bbox 301 329 487 370; x_wconf 82' lang='lat' dir='ltr'>CXXIX</span> <span class='ocrx_word' id='word_1_30' title='bbox 519 328 640 385; x_wconf 86' lang='lat' dir='ltr'><strong>(quae</strong></span> <span class='ocrx_word' id='word_1_31' title='bbox 674 340 735 372; x_wconf 85' lang='lat' dir='ltr'><strong>est</strong></span> <span class='ocrx_word' id='word_1_32' title='bbox 775 334 895 372; x_wconf 88' lang='lat' dir='ltr'><strong>tertia</strong></span> <span class='ocrx_word' id='word_1_33' title='bbox 936 333 1022 371; x_wconf 85' lang='lat' dir='ltr'><strong>fere</strong></span> <span class='ocrx_word' id='word_1_34' title='bbox 1062 328 1172 384; x_wconf 88' lang='lat' dir='ltr'><strong>pars)</strong></span> <span class='ocrx_word' id='word_1_35' title='bbox 1217 332 1259 370; x_wconf 91' lang='lat' dir='ltr'><strong>in</strong></span> <span class='ocrx_word' id='word_1_36' title='bbox 1304 345 1467 370; x_wconf 88' lang='lat' dir='ltr'><strong>caesura</strong></span> <span class='ocrx_word' id='word_1_37' title='bbox 1504 330 1618 382; x_wconf 88' lang='lat' dir='ltr'><strong>pedis</strong></span> <span class='ocrx_word' id='word_1_38' title='bbox 1655 332 1762 369; x_wconf 87' lang='lat' dir='ltr'><strong>tertii</strong></span> <span class='ocrx_word' id='word_1_39' title='bbox 1795 333 1914 370; x_wconf 86' lang='lat' dir='ltr'><strong>inter-</strong></span> 
     </span>
     <span class='ocr_line' id='line_1_10' title="bbox 72 386 1917 454; baseline 0 -16"><span class='ocrx_word' id='word_1_40' title='bbox 72 386 386 453; x_wconf 33' lang='lat' dir='ltr'><strong>(punctionem,</strong></span> <span class='ocrx_word' id='word_1_41' title='bbox 421 401 471 440; x_wconf 89' lang='lat' dir='ltr'><strong>ad</strong></span> <span class='ocrx_word' id='word_1_42' title='bbox 503 416 601 454; x_wconf 86' lang='lat' dir='ltr'><strong>quos</strong></span> <span class='ocrx_word' id='word_1_43' title='bbox 633 403 828 442; x_wconf 88' lang='lat' dir='ltr'><strong>accedunt</strong></span> <span class='ocrx_word' id='word_1_44' title='bbox 871 416 922 442; x_wconf 88' lang='lat' dir='ltr'><strong>ex</strong></span> <span class='ocrx_word' id='word_1_45' title='bbox 959 416 1015 441; x_wconf 87' lang='lat' dir='ltr'><strong>cc.</strong></span> <span class='ocrx_word' id='word_1_46' title='bbox 1048 399 1142 440; x_wconf 89' lang='lat' dir='ltr'><strong>dub.</strong></span> <span class='ocrx_word' id='word_1_47' title='bbox 1176 415 1315 440; x_wconf 87' lang='lat' dir='ltr'><strong>versus</strong></span> <span class='ocrx_word' id='word_1_48' title='bbox 1352 401 1429 449; x_wconf 92' lang='lat' dir='ltr'><strong>XI,</strong></span> <span class='ocrx_word' id='word_1_49' title='bbox 1474 414 1639 452; x_wconf 90' lang='lat' dir='ltr'><strong>quorum</strong></span> <span class='ocrx_word' id='word_1_50' title='bbox 1679 400 1819 440; x_wconf 87' lang='lat' dir='ltr'><strong>eadem</strong></span> <span class='ocrx_word' id='word_1_51' title='bbox 1859 407 1917 439; x_wconf 87' lang='lat' dir='ltr'><strong>est</strong></span> 
     </span>
     <span class='ocr_line' id='line_1_11' title="bbox 111 456 1917 523; baseline -0.001 -15.051"><span class='ocrx_word' id='word_1_52' title='bbox 111 456 309 518; x_wconf 61' lang='lat' dir='ltr'><strong>condicio.</strong></span> <span class='ocrx_word' id='word_1_53' title='bbox 332 480 335 482; x_wconf 84' lang='grc'><em>“</em></span> <span class='ocrx_word' id='word_1_54' title='bbox 356 472 475 510; x_wconf 88' lang='lat' dir='ltr'><strong>etiam</strong></span> <span class='ocrx_word' id='word_1_55' title='bbox 505 472 688 512; x_wconf 87' lang='lat' dir='ltr'><strong>bucolica</strong></span> <span class='ocrx_word' id='word_1_56' title='bbox 724 474 866 512; x_wconf 88' lang='lat' dir='ltr'><strong>incisio</strong></span> <span class='ocrx_word' id='word_1_57' title='bbox 903 473 946 511; x_wconf 91' lang='lat' dir='ltr'><strong>in</strong></span> <span class='ocrx_word' id='word_1_58' title='bbox 986 472 1235 520; x_wconf 73' lang='lat' dir='ltr'><strong>hexametris,</strong></span> <span class='ocrx_word' id='word_1_59' title='bbox 1282 473 1332 510; x_wconf 90' lang='lat' dir='ltr'><strong>de</strong></span> <span class='ocrx_word' id='word_1_60' title='bbox 1369 471 1513 523; x_wconf 90' lang='lat' dir='ltr'><strong>quibus</strong></span> <span class='ocrx_word' id='word_1_61' title='bbox 1545 471 1670 510; x_wconf 87' lang='lat' dir='ltr'><strong>verba</strong></span> <span class='ocrx_word' id='word_1_62' title='bbox 1700 471 1811 517; x_wconf 87' lang='lat' dir='ltr'><strong>fiunt,</strong></span> <span class='ocrx_word' id='word_1_63' title='bbox 1859 477 1917 508; x_wconf 85' lang='lat' dir='ltr'><strong>sat</strong></span> 
     </span>
     <span class='ocr_line' id='line_1_12' title="bbox 0 523 1917 595; baseline -0.001 -17"><span class='ocrx_word' id='word_1_64' title='bbox 0 523 85 586; x_wconf 37' lang='lat'><strong>2:³²³</strong></span> <span class='ocrx_word' id='word_1_65' title='bbox 108 536 343 590; x_wconf 73' lang='lat' dir='ltr'><strong>frequenter</strong></span> <span class='ocrx_word' id='word_1_66' title='bbox 383 541 595 581; x_wconf 87' lang='lat' dir='ltr'><strong>adiuvatur</strong></span> <span class='ocrx_word' id='word_1_67' title='bbox 636 544 973 595; x_wconf 84' lang='lat' dir='ltr'><strong>interpunctione.</strong></span> <span class='ocrx_word' id='word_1_68' title='bbox 1022 542 1226 581; x_wconf 92' lang='lat' dir='ltr'>LXXXV</span> <span class='ocrx_word' id='word_1_69' title='bbox 1274 542 1373 580; x_wconf 88' lang='lat' dir='ltr'><strong>locis</strong></span> <span class='ocrx_word' id='word_1_70' title='bbox 1411 542 1486 580; x_wconf 88' lang='lat' dir='ltr'><strong>hoc</strong></span> <span class='ocrx_word' id='word_1_71' title='bbox 1532 541 1576 579; x_wconf 91' lang='lat' dir='ltr'><strong>fit</strong></span> <span class='ocrx_word' id='word_1_72' title='bbox 1620 541 1662 579; x_wconf 89' lang='lat' dir='ltr'><strong>in</strong></span> <span class='ocrx_word' id='word_1_73' title='bbox 1709 539 1917 578; x_wconf 82' lang='lat' dir='ltr'><strong>Theocriti</strong></span> 
     </span>
     <span class='ocr_line' id='line_1_13' title="bbox 1 606 1915 665; baseline -0.003 -15.003"><span class='ocrx_word' id='word_1_74' title='bbox 1 626 89 650; x_wconf 52' lang='grc' dir='ltr'><em>α</em></span> <span class='ocrx_word' id='word_1_75' title='bbox 115 606 291 662; x_wconf 72' lang='lat' dir='ltr'><strong>edyjlliis,</strong></span> <span class='ocrx_word' id='word_1_76' title='bbox 322 610 405 649; x_wconf 91' lang='lat' dir='ltr'><strong>XV</strong></span> <span class='ocrx_word' id='word_1_77' title='bbox 434 611 553 650; x_wconf 90' lang='lat' dir='ltr'><strong>in·cc.</strong></span> <span class='ocrx_word' id='word_1_78' title='bbox 577 611 669 650; x_wconf 90' lang='lat' dir='ltr'><strong>dub.</strong></span> <span class='ocrx_word' id='word_1_79' title='bbox 701 613 744 651; x_wconf 90' lang='lat' dir='ltr'><strong>in</strong></span> <span class='ocrx_word' id='word_1_80' title='bbox 774 618 943 665; x_wconf 87' lang='lat' dir='ltr'><strong>utraque</strong></span> <span class='ocrx_word' id='word_1_81' title='bbox 963 618 1095 651; x_wconf 86' lang='lat' dir='ltr'><strong>autem</strong></span> <span class='ocrx_word' id='word_1_82' title='bbox 1128 624 1293 652; x_wconf 86' lang='lat' dir='ltr'><strong>caesura</strong></span> <span class='ocrx_word' id='word_1_83' title='bbox 1324 610 1586 663; x_wconf 88' lang='lat' dir='ltr'><strong>quindeciens</strong></span> <span class='ocrx_word' id='word_1_84' title='bbox 1619 610 1744 649; x_wconf 89' lang='lat' dir='ltr'><strong>oratio</strong></span> <span class='ocrx_word' id='word_1_85' title='bbox 1777 608 1915 646; x_wconf 82' lang='lat' dir='ltr'><strong>distin-</strong></span> 
     </span>
     <span class='ocr_line' id='line_1_14' title="bbox 7 665 1919 735; baseline -0.001 -19"><span class='ocrx_word' id='word_1_86' title='bbox 7 665 12 669; x_wconf 79' lang='grc'><em>“</em></span> <span class='ocrx_word' id='word_1_87' title='bbox 72 677 264 735; x_wconf 52' lang='grc' dir='ltr'><strong>,ςμῑωιι</strong></span> <span class='ocrx_word' id='word_1_88' title='bbox 296 678 338 731; x_wconf 83' lang='lat' dir='ltr'><strong>a)</strong></span> <span class='ocrx_word' id='word_1_89' title='bbox 366 679 388 717; x_wconf 93' lang='lat'>1</span> <span class='ocrx_word' id='word_1_90' title='bbox 409 681 477 727; x_wconf 85' lang='lat' dir='ltr'><strong>so,</strong></span> <span class='ocrx_word' id='word_1_91' title='bbox 512 681 608 727; x_wconf 84' lang='lat'><strong>106,</strong></span> <span class='ocrx_word' id='word_1_92' title='bbox 644 681 743 729; x_wconf 83' lang='lat'><strong>1493</strong></span> <span class='ocrx_word' id='word_1_93' title='bbox 775 681 840 719; x_wconf 84' lang='lat'><strong>111</strong></span> <span class='ocrx_word' id='word_1_94' title='bbox 862 682 941 729; x_wconf 72' lang='lat'><strong>523</strong></span> <span class='ocrx_word' id='word_1_95' title='bbox 971 681 1010 720; x_wconf 87' lang='lat' dir='ltr'>V</span> <span class='ocrx_word' id='word_1_96' title='bbox 1032 683 1070 729; x_wconf 88' lang='lat'><strong>3,</strong></span> <span class='ocrx_word' id='word_1_97' title='bbox 1106 682 1172 728; x_wconf 84' lang='lat'><strong>38,</strong></span> <span class='ocrx_word' id='word_1_98' title='bbox 1206 682 1279 728; x_wconf 85' lang='lat'><strong>45;</strong></span> <span class='ocrx_word' id='word_1_99' title='bbox 1313 680 1396 718; x_wconf 79' lang='lat' dir='ltr'><strong>vn</strong></span> <span class='ocrx_word' id='word_1_100' title='bbox 1419 682 1491 728; x_wconf 90' lang='lat'><strong>13;</strong></span> <span class='ocrx_word' id='word_1_101' title='bbox 1525 679 1630 717; x_wconf 80' lang='lat' dir='ltr'><strong>vn]</strong></span> <span class='ocrx_word' id='word_1_102' title='bbox 1652 680 1725 727; x_wconf 80' lang='lat'><strong>333</strong></span> <span class='ocrx_word' id='word_1_103' title='bbox 1756 678 1820 716; x_wconf 86' lang='lat' dir='ltr'><strong>XI</strong></span> <span class='ocrx_word' id='word_1_104' title='bbox 1844 678 1919 724; x_wconf 83' lang='lat'><strong>29;</strong></span> 
     </span>
     <span class='ocr_line' id='line_1_15' title="bbox 114 745 1915 801; baseline -0.001 -17.023"><span class='ocrx_word' id='word_1_105' title='bbox 114 745 154 798; x_wconf 88' lang='lat' dir='ltr'><strong>b)</strong></span> <span class='ocrx_word' id='word_1_106' title='bbox 174 746 280 785; x_wconf 91' lang='lat' dir='ltr'><strong>XIV</strong></span> <span class='ocrx_word' id='word_1_107' title='bbox 300 749 370 796; x_wconf 85' lang='lat'><strong>44,</strong></span> <span class='ocrx_word' id='word_1_108' title='bbox 393 749 468 796; x_wconf 76' lang='lat'><strong>703</strong></span> <span class='ocrx_word' id='word_1_109' title='bbox 497 749 580 786; x_wconf 91' lang='lat' dir='ltr'><strong>XV</strong></span> <span class='ocrx_word' id='word_1_110' title='bbox 604 751 641 796; x_wconf 90' lang='lat'><strong>1,</strong></span> <span class='ocrx_word' id='word_1_111' title='bbox 665 750 732 796; x_wconf 86' lang='lat'><strong>70,</strong></span> <span class='ocrx_word' id='word_1_112' title='bbox 757 751 828 798; x_wconf 87' lang='lat'><strong>73;</strong></span> <span class='ocrx_word' id='word_1_113' title='bbox 860 750 1003 801; x_wconf 91' lang='lat' dir='ltr'><strong>quibus</strong></span> <span class='ocrx_word' id='word_1_114' title='bbox 1029 750 1202 789; x_wconf 82' lang='lat' dir='ltr'><strong>addendi</strong></span> <span class='ocrx_word' id='word_1_115' title='bbox 1234 756 1325 788; x_wconf 86' lang='lat' dir='ltr'><strong>sunt</strong></span> <span class='ocrx_word' id='word_1_116' title='bbox 1356 749 1435 788; x_wconf 92' lang='lat' dir='ltr'><strong>duo</strong></span> <span class='ocrx_word' id='word_1_117' title='bbox 1466 763 1606 788; x_wconf 87' lang='lat' dir='ltr'><strong>versus</strong></span> <span class='ocrx_word' id='word_1_118' title='bbox 1639 762 1689 786; x_wconf 88' lang='lat' dir='ltr'><strong>ex</strong></span> <span class='ocrx_word' id='word_1_119' title='bbox 1720 761 1776 786; x_wconf 85' lang='lat' dir='ltr'><strong>cc.</strong></span> <span class='ocrx_word' id='word_1_120' title='bbox 1800 745 1915 786; x_wconf 85' lang='lat' dir='ltr'><strong>dub.:</strong></span> 
     </span>
     <span class='ocr_line' id='line_1_16' title="bbox 73 814 455 858; baseline 0.003 -5"><span class='ocrx_word' id='word_1_121' title='bbox 73 833 76 835; x_wconf 54' lang='lat'>&gt;</span> <span class='ocrx_word' id='word_1_122' title='bbox 113 814 200 858; x_wconf 87' lang='lat' dir='ltr'><strong>XX</strong></span> <span class='ocrx_word' id='word_1_123' title='bbox 231 817 284 854; x_wconf 84' lang='lat'><strong>29</strong></span> <span class='ocrx_word' id='word_1_124' title='bbox 316 821 356 853; x_wconf 89' lang='lat' dir='ltr'><strong>et</strong></span> <span class='ocrx_word' id='word_1_125' title='bbox 388 817 455 854; x_wconf 88' lang='lat'><strong>37.</strong></span> 
     </span>
    </p>

    <p class='ocr_par' dir='ltr' id='par_1_4' title="bbox 0 873 1921 1219">
     <span class='ocr_line' id='line_1_17' title="bbox 166 873 1918 938; baseline 0 -16"><span class='ocrx_word' id='word_1_126' title='bbox 166 873 171 878; x_wconf 27' lang='grc' dir='ltr'><strong><em>Δ</em></strong></span> <span class='ocrx_word' id='word_1_127' title='bbox 230 884 302 923; x_wconf 90' lang='lat' dir='ltr'><strong>De</strong></span> <span class='ocrx_word' id='word_1_128' title='bbox 334 886 497 936; x_wconf 86' lang='lat' dir='ltr'><strong>quarti</strong></span> <span class='ocrx_word' id='word_1_129' title='bbox 527 886 668 937; x_wconf 90' lang='lat' dir='ltr'><strong>pedis</strong></span> <span class='ocrx_word' id='word_1_130' title='bbox 713 887 926 938; x_wconf 87' lang='lat' dir='ltr'><strong>spondeo</strong></span> <span class='ocrx_word' id='word_1_131' title='bbox 965 901 1053 927; x_wconf 87' lang='lat' dir='ltr'><strong>cum</strong></span> <span class='ocrx_word' id='word_1_132' title='bbox 1084 887 1200 926; x_wconf 86' lang='lat' dir='ltr'><strong>nobis</strong></span> <span class='ocrx_word' id='word_1_133' title='bbox 1232 887 1431 938; x_wconf 87' lang='lat' dir='ltr'><strong>agendum</strong></span> <span class='ocrx_word' id='word_1_134' title='bbox 1463 887 1527 934; x_wconf 89' lang='lat' dir='ltr'><strong>sit,</strong></span> <span class='ocrx_word' id='word_1_135' title='bbox 1569 886 1638 924; x_wconf 90' lang='lat' dir='ltr'><strong>ubi</strong></span> <span class='ocrx_word' id='word_1_136' title='bbox 1670 887 1721 924; x_wconf 87' lang='lat' dir='ltr'><strong>de</strong></span> <span class='ocrx_word' id='word_1_137' title='bbox 1752 898 1918 923; x_wconf 88' lang='lat' dir='ltr'><strong>caesura</strong></span> 
     </span>
     <span class='ocr_line' id='line_1_18' title="bbox 0 951 1918 1039; baseline 0.001 -50"><span class='ocrx_word' id='word_1_138' title='bbox 0 951 299 1039; x_wconf 42' lang='lat' dir='ltr'><strong>{gssbucolica</strong></span> <span class='ocrx_word' id='word_1_139' title='bbox 337 966 595 1006; x_wconf 86' lang='lat' dir='ltr'><strong>exponemus,</strong></span> <span class='ocrx_word' id='word_1_140' title='bbox 615 955 735 994; x_wconf 50' lang='lat' dir='ltr'><strong>*nibil</strong></span> <span class='ocrx_word' id='word_1_141' title='bbox 766 956 846 994; x_wconf 83' lang='lat' dir='ltr'><strong>iam</strong></span> <span class='ocrx_word' id='word_1_142' title='bbox 877 955 1074 1008; x_wconf 90' lang='lat' dir='ltr'><strong>impedire</strong></span> <span class='ocrx_word' id='word_1_143' title='bbox 1104 955 1276 1004; x_wconf 87' lang='lat' dir='ltr'><strong>videtur,</strong></span> <span class='ocrx_word' id='word_1_144' title='bbox 1321 956 1531 1008; x_wconf 85' lang='lat' dir='ltr'><strong>quominus</strong></span> <span class='ocrx_word' id='word_1_145' title='bbox 1574 960 1822 993; x_wconf 86' lang='lat' dir='ltr'><strong>transeamus</strong></span> <span class='ocrx_word' id='word_1_146' title='bbox 1868 953 1918 992; x_wconf 79' lang='lat' dir='ltr'><strong>ad</strong></span> 
     </span>
     <span class='ocr_line' id='line_1_19' title="bbox 0 1016 1921 1093; baseline 0.001 -34"><span class='ocrx_word' id='word_1_147' title='bbox 0 1016 43 1093; x_wconf 53' lang='grc' dir='ltr'><strong>ἐξ(</strong></span> <span class='ocrx_word' id='word_1_148' title='bbox 115 1022 322 1073; x_wconf 89' lang='lat' dir='ltr'><strong>spondei</strong></span> <span class='ocrx_word' id='word_1_149' title='bbox 351 1037 484 1061; x_wconf 90' lang='lat' dir='ltr'><strong>usum</strong></span> <span class='ocrx_word' id='word_1_150' title='bbox 515 1024 562 1062; x_wconf 90' lang='lat' dir='ltr'><strong>in</strong></span> <span class='ocrx_word' id='word_1_151' title='bbox 594 1024 715 1075; x_wconf 90' lang='lat' dir='ltr'><strong>pede</strong></span> <span class='ocrx_word' id='word_1_152' title='bbox 746 1026 929 1075; x_wconf 88' lang='lat' dir='ltr'><strong>quinto.</strong></span> <span class='ocrx_word' id='word_1_153' title='bbox 961 1026 1038 1063; x_wconf 87' lang='lat' dir='ltr'><strong>hac</strong></span> <span class='ocrx_word' id='word_1_154' title='bbox 1069 1027 1110 1063; x_wconf 91' lang='lat' dir='ltr'><strong>in</strong></span> <span class='ocrx_word' id='word_1_155' title='bbox 1142 1026 1238 1063; x_wconf 85' lang='lat' dir='ltr'><strong>sede</strong></span> <span class='ocrx_word' id='word_1_156' title='bbox 1269 1039 1408 1063; x_wconf 86' lang='lat' dir='ltr'><strong>versus</strong></span> <span class='ocrx_word' id='word_1_157' title='bbox 1428 1025 1581 1062; x_wconf 82' lang='lat' dir='ltr'><strong>heroici</strong></span> <span class='ocrx_word' id='word_1_158' title='bbox 1609 1037 1747 1061; x_wconf 87' lang='lat' dir='ltr'><strong>omnes</strong></span> <span class='ocrx_word' id='word_1_159' title='bbox 1775 1030 1921 1073; x_wconf 85' lang='lat' dir='ltr'><strong>poetae</strong></span> 
     </span>
     <span class='ocr_line' id='line_1_20' title="bbox 0 1087 1921 1145; baseline 0.001 -17"><span class='ocrx_word' id='word_1_160' title='bbox 0 1087 44 1108; x_wconf 52' lang='lat'><strong>&#39;⁸²‘</strong></span> <span class='ocrx_word' id='word_1_161' title='bbox 81 1090 158 1138; x_wconf 53' lang='lat' dir='ltr'><strong>„in</strong></span> <span class='ocrx_word' id='word_1_162' title='bbox 188 1091 420 1130; x_wconf 87' lang='lat' dir='ltr'><strong>universum</strong></span> <span class='ocrx_word' id='word_1_163' title='bbox 452 1106 539 1131; x_wconf 85' lang='lat' dir='ltr'><strong>raro</strong></span> <span class='ocrx_word' id='word_1_164' title='bbox 571 1093 794 1145; x_wconf 89' lang='lat' dir='ltr'><strong>spondeum</strong></span> <span class='ocrx_word' id='word_1_165' title='bbox 825 1093 1102 1135; x_wconf 82' lang='lat' dir='ltr'><strong>admittebant.</strong></span> <span class='ocrx_word' id='word_1_166' title='bbox 1134 1093 1355 1132; x_wconf 89' lang='lat' dir='ltr'><strong>cavendum</strong></span> <span class='ocrx_word' id='word_1_167' title='bbox 1387 1093 1495 1132; x_wconf 90' lang='lat' dir='ltr'><strong>enim</strong></span> <span class='ocrx_word' id='word_1_168' title='bbox 1517 1093 1574 1131; x_wconf 89' lang='lat' dir='ltr'><strong>eis</strong></span> <span class='ocrx_word' id='word_1_169' title='bbox 1597 1098 1694 1139; x_wconf 88' lang='lat' dir='ltr'><strong>erat,</strong></span> <span class='ocrx_word' id='word_1_170' title='bbox 1728 1105 1778 1131; x_wconf 90' lang='lat' dir='ltr'><strong>ne</strong></span> <span class='ocrx_word' id='word_1_171' title='bbox 1800 1092 1921 1130; x_wconf 85' lang='lat' dir='ltr'><strong>nimis</strong></span> 
     </span>
     <span class='ocr_line' id='line_1_21' title="bbox 3 1156 1919 1219; baseline 0.001 -23"><span class='ocrx_word' id='word_1_172' title='bbox 3 1174 23 1189; x_wconf 52' lang='grc' dir='ltr'><strong>ε*</strong></span> <span class='ocrx_word' id='word_1_173' title='bbox 38 1186 56 1196; x_wconf 82' lang='grc'><strong>,-</strong></span> <span class='ocrx_word' id='word_1_174' title='bbox 74 1163 77 1165; x_wconf 74' lang='grc'>’</span> <span class='ocrx_word' id='word_1_175' title='bbox 92 1157 416 1219; x_wconf 64' lang='lat' dir='ltr'><strong>“oblitteraretur</strong></span> <span class='ocrx_word' id='word_1_176' title='bbox 445 1160 487 1199; x_wconf 91' lang='lat' dir='ltr'><strong>in</strong></span> <span class='ocrx_word' id='word_1_177' title='bbox 519 1160 768 1200; x_wconf 87' lang='lat' dir='ltr'><strong>audientium</strong></span> <span class='ocrx_word' id='word_1_178' title='bbox 794 1156 859 1201; x_wconf 88' lang='lat' dir='ltr'><strong>vel</strong></span> <span class='ocrx_word' id='word_1_179' title='bbox 891 1162 1111 1214; x_wconf 88' lang='lat' dir='ltr'><strong>legentium</strong></span> <span class='ocrx_word' id='word_1_180' title='bbox 1143 1163 1285 1201; x_wconf 86' lang='lat' dir='ltr'><strong>animis</strong></span> <span class='ocrx_word' id='word_1_181' title='bbox 1316 1174 1503 1200; x_wconf 88' lang='lat' dir='ltr'><strong>numerus</strong></span> <span class='ocrx_word' id='word_1_182' title='bbox 1533 1161 1756 1199; x_wconf 84' lang='lat' dir='ltr'><strong>hexametri</strong></span> <span class='ocrx_word' id='word_1_183' title='bbox 1784 1160 1919 1211; x_wconf 84' lang='lat' dir='ltr'><strong>dacty-</strong></span> 
     </span>
    </p>
   </div>
   <div class='ocr_carea' id='block_1_4' title="bbox 0 1104 117 1181">
    <p class='ocr_par' dir='ltr' id='par_1_5' title="bbox 0 1104 117 1181">
     <span class='ocr_line' id='line_1_22' title="bbox 0 1104 117 1181; baseline 0.256 -20"><span class='ocrx_word' id='word_1_184' title='bbox 0 1104 117 1181; x_wconf 95' lang='lat' dir='ltr'><strong>  </strong></span> 
     </span>
    </p>
   </div>
   <div class='ocr_carea' id='block_1_5' title="bbox 42 1227 1989 2532">
    <p class='ocr_par' dir='ltr' id='par_1_6' title="bbox 42 1218 1989 1423">
     <span class='ocr_line' id='line_1_23' title="bbox 115 1227 1989 1291; baseline 0.001 -25.947"><span class='ocrx_word' id='word_1_185' title='bbox 115 1227 231 1275; x_wconf 78' lang='lat' dir='ltr'><strong>licus,</strong></span> <span class='ocrx_word' id='word_1_186' title='bbox 264 1242 385 1280; x_wconf 90' lang='lat' dir='ltr'><strong>quam</strong></span> <span class='ocrx_word' id='word_1_187' title='bbox 416 1229 465 1267; x_wconf 93' lang='lat' dir='ltr'><strong>ob</strong></span> <span class='ocrx_word' id='word_1_188' title='bbox 498 1243 657 1268; x_wconf 89' lang='lat' dir='ltr'><strong>causam</strong></span> <span class='ocrx_word' id='word_1_189' title='bbox 687 1232 793 1269; x_wconf 89' lang='lat' dir='ltr'><strong>hunc</strong></span> <span class='ocrx_word' id='word_1_190' title='bbox 813 1245 974 1270; x_wconf 89' lang='lat' dir='ltr'><strong>versum</strong></span> <span class='ocrx_word' id='word_1_191' title='bbox 1004 1232 1046 1269; x_wconf 91' lang='lat' dir='ltr'><strong>in</strong></span> <span class='ocrx_word' id='word_1_192' title='bbox 1077 1233 1218 1291; x_wconf 55' lang='lat' dir='ltr'><strong>primis</strong></span> <span class='ocrx_word' id='word_1_193' title='bbox 1247 1232 1289 1269; x_wconf 91' lang='lat' dir='ltr'><strong>in</strong></span> <span class='ocrx_word' id='word_1_194' title='bbox 1319 1232 1410 1283; x_wconf 90' lang='lat' dir='ltr'><strong>ipso</strong></span> <span class='ocrx_word' id='word_1_195' title='bbox 1441 1231 1550 1269; x_wconf 89' lang='lat' dir='ltr'><strong>exitu</strong></span> <span class='ocrx_word' id='word_1_196' title='bbox 1570 1230 1785 1280; x_wconf 86' lang='lat' dir='ltr'><strong>genuinam</strong></span> <span class='ocrx_word' id='word_1_197' title='bbox 1809 1242 1921 1267; x_wconf 89' lang='lat' dir='ltr'><strong>suam</strong></span> <span class='ocrx_word' id='word_1_198' title='bbox 1986 1239 1989 1241; x_wconf 85' lang='grc'><strong>’</strong></span> 
     </span>
     <span class='ocr_line' id='line_1_24' title="bbox 42 1285 1920 1352; baseline 0.002 -19"><span class='ocrx_word' id='word_1_199' title='bbox 42 1299 59 1344; x_wconf 63' lang='lat' dir='ltr'><strong>{j</strong></span> <span class='ocrx_word' id='word_1_200' title='bbox 118 1285 309 1336; x_wconf 86' lang='lat' dir='ltr'><strong>exhibere</strong></span> <span class='ocrx_word' id='word_1_201' title='bbox 339 1304 522 1337; x_wconf 86' lang='lat' dir='ltr'><strong>naturam</strong></span> <span class='ocrx_word' id='word_1_202' title='bbox 542 1300 769 1343; x_wconf 84' lang='lat' dir='ltr'><strong>voluerunt.</strong></span> <span class='ocrx_word' id='word_1_203' title='bbox 811 1307 986 1340; x_wconf 84' lang='lat' dir='ltr'><strong>ceterum</strong></span> <span class='ocrx_word' id='word_1_204' title='bbox 1018 1302 1059 1340; x_wconf 90' lang='lat' dir='ltr'><strong>in</strong></span> <span class='ocrx_word' id='word_1_205' title='bbox 1090 1307 1174 1341; x_wconf 88' lang='lat' dir='ltr'><strong>tota</strong></span> <span class='ocrx_word' id='word_1_206' title='bbox 1205 1302 1333 1339; x_wconf 86' lang='lat' dir='ltr'><strong>altera</strong></span> <span class='ocrx_word' id='word_1_207' title='bbox 1363 1301 1586 1339; x_wconf 85' lang='lat' dir='ltr'><strong>hexametri</strong></span> <span class='ocrx_word' id='word_1_208' title='bbox 1615 1305 1731 1352; x_wconf 85' lang='lat' dir='ltr'><strong>parte</strong></span> <span class='ocrx_word' id='word_1_209' title='bbox 1763 1312 1920 1350; x_wconf 87' lang='lat' dir='ltr'><strong>compo-</strong></span> 
     </span>
     <span class='ocr_line' id='line_1_25' title="bbox 88 1360 1919 1423; baseline 0.002 -19"><span class='ocrx_word' id='word_1_210' title='bbox 88 1360 93 1363; x_wconf 30' lang='lat'><strong>*</strong></span> <span class='ocrx_word' id='word_1_211' title='bbox 117 1366 253 1404; x_wconf 88' lang='lat' dir='ltr'><strong>nenda</strong></span> <span class='ocrx_word' id='word_1_212' title='bbox 274 1380 412 1406; x_wconf 87' lang='lat' dir='ltr'><strong>omnes</strong></span> <span class='ocrx_word' id='word_1_213' title='bbox 432 1375 573 1419; x_wconf 85' lang='lat' dir='ltr'><strong>poetas</strong></span> <span class='ocrx_word' id='word_1_214' title='bbox 595 1372 816 1411; x_wconf 85' lang='lat' dir='ltr'><strong>severiores</strong></span> <span class='ocrx_word' id='word_1_215' title='bbox 839 1384 927 1409; x_wconf 90' lang='lat' dir='ltr'><strong>sese</strong></span> <span class='ocrx_word' id='word_1_216' title='bbox 954 1373 1204 1423; x_wconf 84' lang='lat' dir='ltr'><strong>praestitisse</strong></span> <span class='ocrx_word' id='word_1_217' title='bbox 1228 1385 1345 1422; x_wconf 90' lang='lat' dir='ltr'><strong>quam</strong></span> <span class='ocrx_word' id='word_1_218' title='bbox 1368 1372 1410 1408; x_wconf 91' lang='lat' dir='ltr'><strong>in</strong></span> <span class='ocrx_word' id='word_1_219' title='bbox 1430 1371 1563 1422; x_wconf 86' lang='lat' dir='ltr'><strong>priore</strong></span> <span class='ocrx_word' id='word_1_220' title='bbox 1585 1371 1681 1408; x_wconf 87' lang='lat' dir='ltr'><strong>satis</strong></span> <span class='ocrx_word' id='word_1_221' title='bbox 1704 1374 1860 1407; x_wconf 82' lang='lat' dir='ltr'><strong>constat</strong></span> <span class='ocrx_word' id='word_1_222' title='bbox 1869 1365 1919 1422; x_wconf 72' lang='lat'><strong>²),</strong></span> 
     </span>
    </p>

    <p class='ocr_par' dir='ltr' id='par_1_7' title="bbox 115 1438 1918 1493">
     <span class='ocr_line' id='line_1_26' title="bbox 115 1438 1918 1493; baseline 0.001 -19"><span class='ocrx_word' id='word_1_223' title='bbox 115 1449 250 1489; x_wconf 89' lang='lat' dir='ltr'><strong>neque</strong></span> <span class='ocrx_word' id='word_1_224' title='bbox 279 1442 414 1476; x_wconf 85' lang='lat' dir='ltr'><strong>tamen</strong></span> <span class='ocrx_word' id='word_1_225' title='bbox 444 1438 552 1490; x_wconf 89' lang='lat' dir='ltr'><strong>apud</strong></span> <span class='ocrx_word' id='word_1_226' title='bbox 582 1446 734 1491; x_wconf 84' lang='lat' dir='ltr'><strong>poetas,</strong></span> <span class='ocrx_word' id='word_1_227' title='bbox 766 1441 836 1492; x_wconf 89' lang='lat' dir='ltr'><strong>qui</strong></span> <span class='ocrx_word' id='word_1_228' title='bbox 869 1441 1038 1479; x_wconf 88' lang='lat' dir='ltr'><strong>diversis</strong></span> <span class='ocrx_word' id='word_1_229' title='bbox 1068 1441 1314 1493; x_wconf 86' lang='lat' dir='ltr'><strong>temporibus</strong></span> <span class='ocrx_word' id='word_1_230' title='bbox 1341 1440 1570 1486; x_wconf 89' lang='lat' dir='ltr'><strong>floruerunt,</strong></span> <span class='ocrx_word' id='word_1_231' title='bbox 1603 1438 1710 1477; x_wconf 90' lang='lat' dir='ltr'><strong>idem</strong></span> <span class='ocrx_word' id='word_1_232' title='bbox 1731 1451 1918 1476; x_wconf 87' lang='lat' dir='ltr'><strong>versuum</strong></span> 
     </span>
    </p>

    <p class='ocr_par' dir='ltr' id='par_1_8' title="bbox 55 1504 1926 2532">
     <span class='ocr_line' id='line_1_27' title="bbox 120 1504 1921 1562; baseline 0 -19"><span class='ocrx_word' id='word_1_233' title='bbox 120 1504 427 1557; x_wconf 86' lang='lat' dir='ltr'><strong>spondiacorum</strong></span> <span class='ocrx_word' id='word_1_234' title='bbox 458 1521 553 1546; x_wconf 88' lang='lat' dir='ltr'><strong>usus</strong></span> <span class='ocrx_word' id='word_1_235' title='bbox 585 1509 830 1550; x_wconf 86' lang='lat' dir='ltr'><strong>observatur.</strong></span> <span class='ocrx_word' id='word_1_236' title='bbox 862 1510 1062 1548; x_wconf 85' lang='lat' dir='ltr'><strong>Homerus</strong></span> <span class='ocrx_word' id='word_1_237' title='bbox 1094 1510 1254 1562; x_wconf 91' lang='lat' dir='ltr'><strong>quidem</strong></span> <span class='ocrx_word' id='word_1_238' title='bbox 1283 1523 1370 1547; x_wconf 90' lang='lat' dir='ltr'><strong>cum</strong></span> <span class='ocrx_word' id='word_1_239' title='bbox 1392 1510 1497 1547; x_wconf 90' lang='lat' dir='ltr'><strong>inter</strong></span> <span class='ocrx_word' id='word_1_240' title='bbox 1516 1508 1664 1547; x_wconf 89' lang='lat' dir='ltr'>XVIII</span> <span class='ocrx_word' id='word_1_241' title='bbox 1693 1508 1777 1545; x_wconf 87' lang='lat' dir='ltr'><strong>fere</strong></span> <span class='ocrx_word' id='word_1_242' title='bbox 1797 1507 1921 1544; x_wconf 86' lang='lat' dir='ltr'><strong>hexa-</strong></span> 
     </span>
     <span class='ocr_line' id='line_1_28' title="bbox 55 1576 1923 1631; baseline -0.001 -18"><span class='ocrx_word' id='word_1_243' title='bbox 55 1596 61 1598; x_wconf 61' lang='lat'><em>&gt;</em></span> <span class='ocrx_word' id='word_1_244' title='bbox 116 1579 265 1614; x_wconf 89' lang='lat' dir='ltr'><strong>metros</strong></span> <span class='ocrx_word' id='word_1_245' title='bbox 311 1576 435 1614; x_wconf 86' lang='lat' dir='ltr'><strong>semel</strong></span> <span class='ocrx_word' id='word_1_246' title='bbox 483 1576 706 1620; x_wconf 82' lang='lat' dir='ltr'><strong>admisisset</strong></span> <span class='ocrx_word' id='word_1_247' title='bbox 752 1579 794 1618; x_wconf 92' lang='lat' dir='ltr'><strong>in</strong></span> <span class='ocrx_word' id='word_1_248' title='bbox 843 1579 947 1631; x_wconf 89' lang='lat' dir='ltr'><strong>pede</strong></span> <span class='ocrx_word' id='word_1_249' title='bbox 989 1580 1132 1631; x_wconf 86' lang='lat' dir='ltr'><strong>quinto</strong></span> <span class='ocrx_word' id='word_1_250' title='bbox 1197 1578 1418 1631; x_wconf 85' lang='lat' dir='ltr'><strong>spondeum</strong></span> <span class='ocrx_word' id='word_1_251' title='bbox 1430 1577 1481 1631; x_wconf 79' lang='lat'><strong>3),</strong></span> <span class='ocrx_word' id='word_1_252' title='bbox 1540 1583 1685 1629; x_wconf 84' lang='lat' dir='ltr'><strong>poetae</strong></span> <span class='ocrx_word' id='word_1_253' title='bbox 1739 1576 1923 1614; x_wconf 79' lang='lat' dir='ltr'><strong>nonnulli</strong></span> 
     </span>
     <span class='ocr_line' id='line_1_29' title="bbox 118 1645 1922 1700; baseline 0 -17"><span class='ocrx_word' id='word_1_254' title='bbox 118 1645 369 1696; x_wconf 82' lang='lat' dir='ltr'><strong>posteriores,</strong></span> <span class='ocrx_word' id='word_1_255' title='bbox 412 1646 454 1684; x_wconf 90' lang='lat' dir='ltr'><strong>in</strong></span> <span class='ocrx_word' id='word_1_256' title='bbox 484 1647 624 1698; x_wconf 86' lang='lat' dir='ltr'><strong>primis</strong></span> <span class='ocrx_word' id='word_1_257' title='bbox 654 1649 722 1699; x_wconf 91' lang='lat' dir='ltr'><strong>qui</strong></span> <span class='ocrx_word' id='word_1_258' title='bbox 754 1654 867 1687; x_wconf 86' lang='lat' dir='ltr'><strong>erant</strong></span> <span class='ocrx_word' id='word_1_259' title='bbox 898 1648 1215 1696; x_wconf 83' lang='lat' dir='ltr'><strong>Alexandrinae,</strong></span> <span class='ocrx_word' id='word_1_260' title='bbox 1264 1660 1368 1700; x_wconf 85' lang='lat' dir='ltr'><strong>quae</strong></span> <span class='ocrx_word' id='word_1_261' title='bbox 1400 1647 1558 1693; x_wconf 89' lang='lat' dir='ltr'><strong>dicitur,</strong></span> <span class='ocrx_word' id='word_1_262' title='bbox 1600 1646 1756 1693; x_wconf 84' lang='lat' dir='ltr'><strong>aetatis,</strong></span> <span class='ocrx_word' id='word_1_263' title='bbox 1795 1646 1922 1683; x_wconf 87' lang='lat' dir='ltr'><strong>multo</strong></span> 
     </span>
     <span class='ocr_line' id='line_1_30' title="bbox 118 1714 1922 1769; baseline 0 -17"><span class='ocrx_word' id='word_1_264' title='bbox 118 1714 246 1766; x_wconf 76' lang='lat' dir='ltr'><strong>magis</strong></span> <span class='ocrx_word' id='word_1_265' title='bbox 293 1714 378 1753; x_wconf 88' lang='lat' dir='ltr'><strong>eius</strong></span> <span class='ocrx_word' id='word_1_266' title='bbox 426 1715 534 1753; x_wconf 86' lang='lat' dir='ltr'><strong>modi</strong></span> <span class='ocrx_word' id='word_1_267' title='bbox 576 1729 717 1755; x_wconf 86' lang='lat' dir='ltr'><strong>versus</strong></span> <span class='ocrx_word' id='word_1_268' title='bbox 767 1718 958 1757; x_wconf 86' lang='lat' dir='ltr'><strong>amabant</strong></span> <span class='ocrx_word' id='word_1_269' title='bbox 969 1718 1013 1766; x_wconf 73' lang='lat'><strong>4).</strong></span> <span class='ocrx_word' id='word_1_270' title='bbox 1067 1731 1145 1769; x_wconf 87' lang='lat' dir='ltr'><strong>qua</strong></span> <span class='ocrx_word' id='word_1_271' title='bbox 1197 1718 1239 1755; x_wconf 88' lang='lat' dir='ltr'><strong>in</strong></span> <span class='ocrx_word' id='word_1_272' title='bbox 1289 1730 1332 1755; x_wconf 91' lang='lat' dir='ltr'><strong>re</strong></span> <span class='ocrx_word' id='word_1_273' title='bbox 1380 1721 1600 1755; x_wconf 89' lang='lat' dir='ltr'><strong>memoratu</strong></span> <span class='ocrx_word' id='word_1_274' title='bbox 1651 1714 1815 1766; x_wconf 84' lang='lat' dir='ltr'><strong>dignum</strong></span> <span class='ocrx_word' id='word_1_275' title='bbox 1863 1720 1922 1753; x_wconf 89' lang='lat' dir='ltr'><strong>est</strong></span> 
     </span>
     <span class='ocr_line' id='line_1_31' title="bbox 119 1782 1920 1838; baseline 0.001 -17"><span class='ocrx_word' id='word_1_276' title='bbox 119 1782 171 1821; x_wconf 87' lang='lat' dir='ltr'><strong>ab</strong></span> <span class='ocrx_word' id='word_1_277' title='bbox 202 1783 330 1822; x_wconf 88' lang='lat' dir='ltr'><strong>isdem</strong></span> <span class='ocrx_word' id='word_1_278' title='bbox 359 1786 491 1836; x_wconf 88' lang='lat' dir='ltr'><strong>poetis</strong></span> <span class='ocrx_word' id='word_1_279' title='bbox 521 1787 563 1824; x_wconf 89' lang='lat' dir='ltr'><strong>in</strong></span> <span class='ocrx_word' id='word_1_280' title='bbox 594 1787 734 1826; x_wconf 88' lang='lat' dir='ltr'><strong>ceteris</strong></span> <span class='ocrx_word' id='word_1_281' title='bbox 755 1800 895 1826; x_wconf 89' lang='lat' dir='ltr'><strong>versus</strong></span> <span class='ocrx_word' id='word_1_282' title='bbox 925 1787 1096 1838; x_wconf 90' lang='lat' dir='ltr'><strong>pedibus</strong></span> <span class='ocrx_word' id='word_1_283' title='bbox 1128 1788 1169 1825; x_wconf 94' lang='lat' dir='ltr'><strong>in</strong></span> <span class='ocrx_word' id='word_1_284' title='bbox 1201 1788 1432 1825; x_wconf 88' lang='lat' dir='ltr'><strong>universum</strong></span> <span class='ocrx_word' id='word_1_285' title='bbox 1464 1786 1593 1823; x_wconf 89' lang='lat' dir='ltr'><strong>rarius</strong></span> <span class='ocrx_word' id='word_1_286' title='bbox 1625 1783 1847 1836; x_wconf 89' lang='lat' dir='ltr'><strong>spondeum</strong></span> <span class='ocrx_word' id='word_1_287' title='bbox 1881 1784 1920 1822; x_wconf 87' lang='lat' dir='ltr'><strong>in</strong></span> 
     </span>
     <span class='ocr_line' id='line_1_32' title="bbox 119 1849 1920 1907; baseline 0 -18"><span class='ocrx_word' id='word_1_288' title='bbox 119 1849 272 1905; x_wconf 80' lang='lat' dir='ltr'><strong>dactyli</strong></span> <span class='ocrx_word' id='word_1_289' title='bbox 308 1852 441 1891; x_wconf 91' lang='lat' dir='ltr'><strong>locum</strong></span> <span class='ocrx_word' id='word_1_290' title='bbox 471 1852 728 1892; x_wconf 89' lang='lat' dir='ltr'><strong>substitutum</strong></span> <span class='ocrx_word' id='word_1_291' title='bbox 761 1867 846 1894; x_wconf 88' lang='lat' dir='ltr'><strong>esse</strong></span> <span class='ocrx_word' id='word_1_292' title='bbox 877 1856 1084 1907; x_wconf 81' lang='lat' dir='ltr'><strong>magisque</strong></span> <span class='ocrx_word' id='word_1_293' title='bbox 1115 1867 1303 1893; x_wconf 85' lang='lat' dir='ltr'><strong>versuum</strong></span> <span class='ocrx_word' id='word_1_294' title='bbox 1335 1853 1633 1892; x_wconf 84' lang='lat' dir='ltr'><strong>volubilitatem</strong></span> <span class='ocrx_word' id='word_1_295' title='bbox 1681 1852 1920 1890; x_wconf 84' lang='lat' dir='ltr'><strong>adfectatam</strong></span> 
     </span>
     <span class='ocr_line' id='line_1_33' title="bbox 120 1920 1925 1975; baseline -0.001 -14"><span class='ocrx_word' id='word_1_296' title='bbox 120 1933 239 1972; x_wconf 86' lang='lat' dir='ltr'><strong>quam</strong></span> <span class='ocrx_word' id='word_1_297' title='bbox 262 1920 312 1960; x_wconf 90' lang='lat' dir='ltr'><strong>ab</strong></span> <span class='ocrx_word' id='word_1_298' title='bbox 341 1921 532 1963; x_wconf 89' lang='lat' dir='ltr'><strong>Homero.</strong></span> <span class='ocrx_word' id='word_1_299' title='bbox 555 1923 784 1963; x_wconf 87' lang='lat' dir='ltr'><strong>referebant</strong></span> <span class='ocrx_word' id='word_1_300' title='bbox 814 1925 921 1963; x_wconf 90' lang='lat' dir='ltr'><strong>enim</strong></span> <span class='ocrx_word' id='word_1_301' title='bbox 953 1924 1061 1963; x_wconf 90' lang='lat' dir='ltr'><strong>haud</strong></span> <span class='ocrx_word' id='word_1_302' title='bbox 1094 1923 1216 1962; x_wconf 91' lang='lat' dir='ltr'><strong>dubie</strong></span> <span class='ocrx_word' id='word_1_303' title='bbox 1247 1929 1392 1975; x_wconf 88' lang='lat' dir='ltr'><strong>poetae</strong></span> <span class='ocrx_word' id='word_1_304' title='bbox 1422 1923 1482 1961; x_wconf 90' lang='lat' dir='ltr'><strong>illi</strong></span> <span class='ocrx_word' id='word_1_305' title='bbox 1514 1935 1652 1961; x_wconf 87' lang='lat' dir='ltr'><strong>versus</strong></span> <span class='ocrx_word' id='word_1_306' title='bbox 1684 1922 1925 1974; x_wconf 87' lang='lat' dir='ltr'><strong>spondiacos</strong></span> 
     </span>
     <span class='ocr_line' id='line_1_34' title="bbox 119 1988 1921 2043; baseline 0.001 -18"><span class='ocrx_word' id='word_1_307' title='bbox 119 1988 225 2026; x_wconf 87' lang='lat' dir='ltr'><strong>inter</strong></span> <span class='ocrx_word' id='word_1_308' title='bbox 267 1989 423 2027; x_wconf 83' lang='lat' dir='ltr'><strong>aurium</strong></span> <span class='ocrx_word' id='word_1_309' title='bbox 466 1989 772 2039; x_wconf 85' lang='lat' dir='ltr'><strong>oblectamenta,</strong></span> <span class='ocrx_word' id='word_1_310' title='bbox 817 2004 920 2043; x_wconf 84' lang='lat' dir='ltr'><strong>quae</strong></span> <span class='ocrx_word' id='word_1_311' title='bbox 963 1998 1114 2043; x_wconf 89' lang='lat' dir='ltr'><strong>quanto</strong></span> <span class='ocrx_word' id='word_1_312' title='bbox 1157 1991 1290 2029; x_wconf 85' lang='lat' dir='ltr'><strong>studio</strong></span> <span class='ocrx_word' id='word_1_313' title='bbox 1335 1991 1548 2042; x_wconf 86' lang='lat' dir='ltr'><strong>eaptarint,</strong></span> <span class='ocrx_word' id='word_1_314' title='bbox 1594 2004 1671 2028; x_wconf 92' lang='lat' dir='ltr'><strong>non</strong></span> <span class='ocrx_word' id='word_1_315' title='bbox 1716 1997 1776 2029; x_wconf 87' lang='lat' dir='ltr'><strong>est</strong></span> <span class='ocrx_word' id='word_1_316' title='bbox 1814 1990 1921 2042; x_wconf 91' lang='lat' dir='ltr'><strong>quod</strong></span> 
     </span>
     <span class='ocr_line' id='line_1_35' title="bbox 122 2060 1924 2112; baseline 0.001 -16"><span class='ocrx_word' id='word_1_317' title='bbox 122 2070 333 2109; x_wconf 82' lang='lat' dir='ltr'><strong>exponam.</strong></span> <span class='ocrx_word' id='word_1_318' title='bbox 389 2064 511 2110; x_wconf 86' lang='lat' dir='ltr'><strong>atque</strong></span> <span class='ocrx_word' id='word_1_319' title='bbox 560 2060 680 2098; x_wconf 89' lang='lat' dir='ltr'><strong>etiam</strong></span> <span class='ocrx_word' id='word_1_320' title='bbox 729 2060 837 2112; x_wconf 85' lang='lat' dir='ltr'><strong>apud</strong></span> <span class='ocrx_word' id='word_1_321' title='bbox 879 2061 1138 2099; x_wconf 85' lang='lat' dir='ltr'><strong>Theocritum</strong></span> <span class='ocrx_word' id='word_1_322' title='bbox 1191 2061 1234 2099; x_wconf 90' lang='lat' dir='ltr'><strong>in</strong></span> <span class='ocrx_word' id='word_1_323' title='bbox 1281 2061 1338 2099; x_wconf 90' lang='lat' dir='ltr'><strong>eis</strong></span> <span class='ocrx_word' id='word_1_324' title='bbox 1382 2060 1638 2107; x_wconf 84' lang='lat' dir='ltr'><strong>carminibus,</strong></span> <span class='ocrx_word' id='word_1_325' title='bbox 1692 2061 1733 2098; x_wconf 90' lang='lat' dir='ltr'><strong>in</strong></span> <span class='ocrx_word' id='word_1_326' title='bbox 1778 2060 1924 2111; x_wconf 90' lang='lat' dir='ltr'><strong>quibus</strong></span> 
     </span>
     <span class='ocr_line' id='line_1_36' title="bbox 71 2125 1921 2183; baseline 0.002 -18"><span class='ocrx_word' id='word_1_327' title='bbox 71 2164 76 2166; x_wconf 84' lang='grc'>,</span> <span class='ocrx_word' id='word_1_328' title='bbox 120 2125 370 2180; x_wconf 82' lang='lat' dir='ltr'><strong>dactylorum</strong></span> <span class='ocrx_word' id='word_1_329' title='bbox 395 2128 624 2180; x_wconf 82' lang='lat' dir='ltr'><strong>frequentia</strong></span> <span class='ocrx_word' id='word_1_330' title='bbox 644 2129 756 2169; x_wconf 90' lang='lat' dir='ltr'><strong>illum</strong></span> <span class='ocrx_word' id='word_1_331' title='bbox 784 2143 911 2183; x_wconf 88' lang='lat' dir='ltr'><strong>prope</strong></span> <span class='ocrx_word' id='word_1_332' title='bbox 932 2129 984 2169; x_wconf 90' lang='lat' dir='ltr'><strong>ad</strong></span> <span class='ocrx_word' id='word_1_333' title='bbox 1012 2129 1202 2182; x_wconf 87' lang='lat' dir='ltr'><strong>aequales</strong></span> <span class='ocrx_word' id='word_1_334' title='bbox 1223 2143 1315 2169; x_wconf 88' lang='lat' dir='ltr'><strong>suos</strong></span> <span class='ocrx_word' id='word_1_335' title='bbox 1337 2129 1526 2169; x_wconf 87' lang='lat' dir='ltr'><strong>accedere</strong></span> <span class='ocrx_word' id='word_1_336' title='bbox 1547 2143 1668 2182; x_wconf 88' lang='lat' dir='ltr'><strong>supra</strong></span> <span class='ocrx_word' id='word_1_337' title='bbox 1688 2129 1864 2168; x_wconf 80' lang='lat' dir='ltr'><strong>vidimus</strong></span> <span class='ocrx_word' id='word_1_338' title='bbox 1876 2129 1921 2182; x_wconf 80' lang='lat'><strong>5),</strong></span> 
     </span>
     <span class='ocr_line' id='line_1_37' title="bbox 120 2197 1916 2252; baseline 0.001 -17"><span class='ocrx_word' id='word_1_339' title='bbox 120 2197 245 2236; x_wconf 89' lang='lat' dir='ltr'><strong>multo</strong></span> <span class='ocrx_word' id='word_1_340' title='bbox 290 2198 539 2249; x_wconf 81' lang='lat' dir='ltr'><strong>frequentius</strong></span> <span class='ocrx_word' id='word_1_341' title='bbox 587 2212 658 2250; x_wconf 83' lang='lat' dir='ltr'><strong>pes</strong></span> <span class='ocrx_word' id='word_1_342' title='bbox 707 2201 869 2250; x_wconf 86' lang='lat' dir='ltr'><strong>quintus</strong></span> <span class='ocrx_word' id='word_1_343' title='bbox 915 2200 1156 2252; x_wconf 83' lang='lat' dir='ltr'><strong>spondiacus</strong></span> <span class='ocrx_word' id='word_1_344' title='bbox 1200 2206 1422 2250; x_wconf 80' lang='lat' dir='ltr'><strong>est-quam</strong></span> <span class='ocrx_word' id='word_1_345' title='bbox 1468 2200 1508 2237; x_wconf 89' lang='lat' dir='ltr'><strong>in</strong></span> <span class='ocrx_word' id='word_1_346' title='bbox 1553 2200 1695 2237; x_wconf 86' lang='lat' dir='ltr'><strong>ceteris</strong></span> <span class='ocrx_word' id='word_1_347' title='bbox 1740 2200 1916 2251; x_wconf 85' lang='lat' dir='ltr'><strong>edylliis.</strong></span> 
     </span>
     <span class='ocr_line' id='line_1_38' title="bbox 121 2266 1926 2322; baseline 0.002 -18"><span class='ocrx_word' id='word_1_348' title='bbox 121 2266 312 2305; x_wconf 87' lang='lat' dir='ltr'><strong>rarissimi</strong></span> <span class='ocrx_word' id='word_1_349' title='bbox 344 2268 451 2306; x_wconf 91' lang='lat' dir='ltr'><strong>enim</strong></span> <span class='ocrx_word' id='word_1_350' title='bbox 483 2274 574 2306; x_wconf 90' lang='lat' dir='ltr'><strong>sunt</strong></span> <span class='ocrx_word' id='word_1_351' title='bbox 595 2282 734 2307; x_wconf 85' lang='lat' dir='ltr'><strong>versus</strong></span> <span class='ocrx_word' id='word_1_352' title='bbox 761 2269 971 2321; x_wconf 88' lang='lat' dir='ltr'><strong>spondiaci</strong></span> <span class='ocrx_word' id='word_1_353' title='bbox 998 2270 1040 2308; x_wconf 90' lang='lat' dir='ltr'><strong>in</strong></span> <span class='ocrx_word' id='word_1_354' title='bbox 1067 2269 1310 2309; x_wconf 82' lang='lat' dir='ltr'><strong>carminibus</strong></span> <span class='ocrx_word' id='word_1_355' title='bbox 1331 2268 1462 2308; x_wconf 87' lang='lat' dir='ltr'><strong>bucol.</strong></span> <span class='ocrx_word' id='word_1_356' title='bbox 1485 2266 1600 2322; x_wconf 85' lang='lat' dir='ltr'><strong>(XI),</strong></span> <span class='ocrx_word' id='word_1_357' title='bbox 1631 2269 1926 2321; x_wconf 86' lang='lat' dir='ltr'><strong>frequentiores</strong></span> 
     </span>
     <span class='ocr_line' id='line_1_39' title="bbox 123 2333 1923 2393; baseline 0 -18"><span class='ocrx_word' id='word_1_358' title='bbox 123 2333 262 2389; x_wconf 79' lang='lat' dir='ltr'>(XIV)</span> <span class='ocrx_word' id='word_1_359' title='bbox 283 2337 325 2374; x_wconf 90' lang='lat' dir='ltr'><strong>in</strong></span> <span class='ocrx_word' id='word_1_360' title='bbox 346 2337 468 2385; x_wconf 87' lang='lat' dir='ltr'><strong>mim.,</strong></span> <span class='ocrx_word' id='word_1_361' title='bbox 499 2338 813 2390; x_wconf 82' lang='lat' dir='ltr'><strong>frequentissimi</strong></span> <span class='ocrx_word' id='word_1_362' title='bbox 835 2336 1035 2393; x_wconf 90' lang='lat' dir='ltr'>(LXXII)</span> <span class='ocrx_word' id='word_1_363' title='bbox 1068 2340 1109 2378; x_wconf 91' lang='lat' dir='ltr'><strong>in</strong></span> <span class='ocrx_word' id='word_1_364' title='bbox 1133 2352 1216 2390; x_wconf 87' lang='lat' dir='ltr'><strong>ep.:</strong></span> <span class='ocrx_word' id='word_1_365' title='bbox 1249 2337 1291 2392; x_wconf 89' lang='lat' dir='ltr'><strong>a)</strong></span> <span class='ocrx_word' id='word_1_366' title='bbox 1317 2338 1339 2376; x_wconf 95' lang='lat' dir='ltr'>I</span> <span class='ocrx_word' id='word_1_367' title='bbox 1362 2339 1429 2386; x_wconf 94' lang='lat'><strong>38,</strong></span> <span class='ocrx_word' id='word_1_368' title='bbox 1454 2339 1520 2385; x_wconf 83' lang='lat'><strong>71,</strong></span> <span class='ocrx_word' id='word_1_369' title='bbox 1547 2339 1613 2384; x_wconf 86' lang='lat'><strong>75,</strong></span> <span class='ocrx_word' id='word_1_370' title='bbox 1640 2340 1740 2386; x_wconf 78' lang='lat'><strong>1363</strong></span> <span class='ocrx_word' id='word_1_371' title='bbox 1765 2338 1803 2374; x_wconf 86' lang='lat' dir='ltr'>V</span> <span class='ocrx_word' id='word_1_372' title='bbox 1824 2340 1923 2384; x_wconf 81' lang='lat'><strong>113;</strong></span> 
     </span>
     <span class='ocr_line' id='line_1_40' title="bbox 122 2405 1923 2463; baseline 0.001 -20"><span class='ocrx_word' id='word_1_373' title='bbox 122 2405 205 2444; x_wconf 91' lang='lat' dir='ltr'><strong>VII</strong></span> <span class='ocrx_word' id='word_1_374' title='bbox 236 2406 302 2454; x_wconf 90' lang='lat'><strong>23,</strong></span> <span class='ocrx_word' id='word_1_375' title='bbox 336 2408 404 2454; x_wconf 88' lang='lat'><strong>48,</strong></span> <span class='ocrx_word' id='word_1_376' title='bbox 440 2409 539 2456; x_wconf 83' lang='lat'><strong>1333</strong></span> <span class='ocrx_word' id='word_1_377' title='bbox 570 2408 613 2446; x_wconf 95' lang='lat' dir='ltr'>X</span> <span class='ocrx_word' id='word_1_378' title='bbox 645 2410 718 2456; x_wconf 77' lang='lat'><strong>583</strong></span> <span class='ocrx_word' id='word_1_379' title='bbox 748 2409 812 2447; x_wconf 91' lang='lat' dir='ltr'><strong>XI</strong></span> <span class='ocrx_word' id='word_1_380' title='bbox 844 2411 910 2457; x_wconf 92' lang='lat'><strong>24,</strong></span> <span class='ocrx_word' id='word_1_381' title='bbox 946 2410 1018 2458; x_wconf 78' lang='lat'><strong>583</strong></span> <span class='ocrx_word' id='word_1_382' title='bbox 1051 2407 1088 2463; x_wconf 87' lang='lat' dir='ltr'><strong>b)</strong></span> <span class='ocrx_word' id='word_1_383' title='bbox 1120 2409 1164 2447; x_wconf 91' lang='lat' dir='ltr'><strong>II</strong></span> <span class='ocrx_word' id='word_1_384' title='bbox 1195 2410 1267 2457; x_wconf 76' lang='lat'><strong>353</strong></span> <span class='ocrx_word' id='word_1_385' title='bbox 1299 2408 1404 2446; x_wconf 91' lang='lat' dir='ltr'><strong>XIV</strong></span> <span class='ocrx_word' id='word_1_386' title='bbox 1435 2410 1507 2455; x_wconf 87' lang='lat'><strong>33;</strong></span> <span class='ocrx_word' id='word_1_387' title='bbox 1540 2407 1622 2445; x_wconf 95' lang='lat' dir='ltr'><strong>XV</strong></span> <span class='ocrx_word' id='word_1_388' title='bbox 1654 2409 1719 2455; x_wconf 82' lang='lat'><strong>27,</strong></span> <span class='ocrx_word' id='word_1_389' title='bbox 1753 2409 1820 2454; x_wconf 91' lang='lat'><strong>48,</strong></span> <span class='ocrx_word' id='word_1_390' title='bbox 1856 2408 1923 2454; x_wconf 85' lang='lat'><strong>63,</strong></span> 
     </span>
     <span class='ocr_line' id='line_1_41' title="bbox 120 2475 1924 2532; baseline 0 -18"><span class='ocrx_word' id='word_1_391' title='bbox 120 2476 192 2532; x_wconf 83' lang='lat'><strong>82,</strong></span> <span class='ocrx_word' id='word_1_392' title='bbox 226 2477 293 2524; x_wconf 90' lang='lat'><strong>83,</strong></span> <span class='ocrx_word' id='word_1_393' title='bbox 327 2477 394 2524; x_wconf 87' lang='lat'><strong>87,</strong></span> <span class='ocrx_word' id='word_1_394' title='bbox 429 2477 495 2523; x_wconf 88' lang='grc'><strong>98,</strong></span> <span class='ocrx_word' id='word_1_395' title='bbox 531 2479 625 2525; x_wconf 88' lang='grc'>110,</span> <span class='ocrx_word' id='word_1_396' title='bbox 662 2480 756 2525; x_wconf 88' lang='grc'><strong>133,</strong></span> <span class='ocrx_word' id='word_1_397' title='bbox 793 2480 887 2526; x_wconf 90' lang='lat'><strong>143,</strong></span> <span class='ocrx_word' id='word_1_398' title='bbox 930 2480 1030 2527; x_wconf 79' lang='lat'><strong>1453</strong></span> <span class='ocrx_word' id='word_1_399' title='bbox 1074 2478 1223 2517; x_wconf 87' lang='lat' dir='ltr'>XVHI</span> <span class='ocrx_word' id='word_1_400' title='bbox 1254 2480 1296 2527; x_wconf 81' lang='lat'><strong>33</strong></span> <span class='ocrx_word' id='word_1_401' title='bbox 1341 2475 1376 2531; x_wconf 83' lang='lat' dir='ltr'><strong>c)</strong></span> <span class='ocrx_word' id='word_1_402' title='bbox 1407 2477 1515 2514; x_wconf 84' lang='lat' dir='ltr'>XIII</span> <span class='ocrx_word' id='word_1_403' title='bbox 1547 2477 1612 2524; x_wconf 92' lang='lat'><strong>20,</strong></span> <span class='ocrx_word' id='word_1_404' title='bbox 1645 2478 1714 2524; x_wconf 87' lang='lat'><strong>42,</strong></span> <span class='ocrx_word' id='word_1_405' title='bbox 1747 2478 1815 2523; x_wconf 91' lang='lat'><strong>43,</strong></span> <span class='ocrx_word' id='word_1_406' title='bbox 1850 2478 1924 2524; x_wconf 78' lang='lat'><strong>443</strong></span> 
     </span>
    </p>
   </div>
   <div class='ocr_carea' id='block_1_6' title="bbox 122 2569 396 2574">
    <p class='ocr_par' dir='ltr' id='par_1_9' title="bbox 122 2569 396 2574">
     <span class='ocr_line' id='line_1_42' title="bbox 122 2569 396 2574; baseline 0 0"><span class='ocrx_word' id='word_1_407' title='bbox 122 2569 396 2574; x_wconf 95' lang='lat' dir='ltr'><strong> </strong></span> 
     </span>
    </p>
   </div>
   <div class='ocr_carea' id='block_1_7' title="bbox 0 2609 1929 2947">
    <p class='ocr_par' dir='ltr' id='par_1_10' title="bbox 0 2609 556 2658">
     <span class='ocr_line' id='line_1_43' title="bbox 0 2609 556 2658; baseline 0.007 -14"><span class='ocrx_word' id='word_1_408' title='bbox 0 2609 72 2654; x_wconf 33' lang='grc' dir='ltr'><strong>ἔτη</strong></span> <span class='ocrx_word' id='word_1_409' title='bbox 114 2656 117 2658; x_wconf 18' lang='lat' dir='ltr'><strong>q</strong></span> <span class='ocrx_word' id='word_1_410' title='bbox 141 2618 145 2620; x_wconf 77' lang='grc'><em>“</em></span> <span class='ocrx_word' id='word_1_411' title='bbox 246 2613 271 2657; x_wconf 90' lang='lat'><strong>¹)</strong></span> <span class='ocrx_word' id='word_1_412' title='bbox 297 2613 349 2647; x_wconf 81' lang='lat' dir='ltr'><strong>Of.</strong></span> <span class='ocrx_word' id='word_1_413' title='bbox 373 2625 407 2657; x_wconf 90' lang='lat' dir='ltr'><strong>p.</strong></span> <span class='ocrx_word' id='word_1_414' title='bbox 433 2617 478 2648; x_wconf 82' lang='lat'><strong>23</strong></span> <span class='ocrx_word' id='word_1_415' title='bbox 504 2625 556 2657; x_wconf 83' lang='lat' dir='ltr'><strong>sq.</strong></span> 
     </span>
    </p>

    <p class='ocr_par' dir='ltr' id='par_1_11' title="bbox 79 2665 1106 2716">
     <span class='ocr_line' id='line_1_44' title="bbox 79 2665 1106 2716; baseline 0.002 -11"><span class='ocrx_word' id='word_1_416' title='bbox 79 2665 84 2667; x_wconf 56' lang='grc'><em>”</em></span> <span class='ocrx_word' id='word_1_417' title='bbox 243 2669 270 2713; x_wconf 81' lang='lat'><strong>²)</strong></span> <span class='ocrx_word' id='word_1_418' title='bbox 296 2671 349 2705; x_wconf 79' lang='lat' dir='ltr'><strong>cf.</strong></span> <span class='ocrx_word' id='word_1_419' title='bbox 374 2674 462 2705; x_wconf 88' lang='lat' dir='ltr'><strong>Luc.</strong></span> <span class='ocrx_word' id='word_1_420' title='bbox 487 2672 650 2706; x_wconf 85' lang='lat' dir='ltr'><strong>Muelleri</strong></span> <span class='ocrx_word' id='word_1_421' title='bbox 678 2672 744 2705; x_wconf 80' lang='lat' dir='ltr'><strong>‘De</strong></span> <span class='ocrx_word' id='word_1_422' title='bbox 768 2683 805 2705; x_wconf 89' lang='lat' dir='ltr'><strong>re</strong></span> <span class='ocrx_word' id='word_1_423' title='bbox 829 2672 941 2706; x_wconf 59' lang='lat' dir='ltr'><strong>metr!</strong></span> <span class='ocrx_word' id='word_1_424' title='bbox 967 2685 999 2716; x_wconf 93' lang='lat' dir='ltr'><strong>p.</strong></span> <span class='ocrx_word' id='word_1_425' title='bbox 1028 2675 1106 2707; x_wconf 82' lang='lat'><strong>132.</strong></span> 
     </span>
    </p>

    <p class='ocr_par' dir='ltr' id='par_1_12' title="bbox 43 2729 1929 2837">
     <span class='ocr_line' id='line_1_45' title="bbox 242 2729 1929 2775; baseline -0.001 -12"><span class='ocrx_word' id='word_1_426' title='bbox 242 2730 268 2773; x_wconf 75' lang='lat'><strong>³)</strong></span> <span class='ocrx_word' id='word_1_427' title='bbox 295 2729 348 2763; x_wconf 80' lang='lat' dir='ltr'><strong>cf</strong></span> <span class='ocrx_word' id='word_1_428' title='bbox 384 2731 482 2763; x_wconf 91' lang='lat' dir='ltr'><strong>Imm.</strong></span> <span class='ocrx_word' id='word_1_429' title='bbox 519 2730 677 2764; x_wconf 82' lang='lat' dir='ltr'><strong>Bekkeri</strong></span> <span class='ocrx_word' id='word_1_430' title='bbox 716 2730 868 2764; x_wconf 83' lang='lat' dir='ltr'><strong>Homer.</strong></span> <span class='ocrx_word' id='word_1_431' title='bbox 900 2730 1047 2765; x_wconf 83' lang='lat' dir='ltr'><strong>Bla&#39;tter’</strong></span> <span class='ocrx_word' id='word_1_432' title='bbox 1077 2733 1095 2765; x_wconf 96' lang='lat' dir='ltr'>I</span> <span class='ocrx_word' id='word_1_433' title='bbox 1125 2743 1158 2775; x_wconf 93' lang='lat' dir='ltr'><strong>p.</strong></span> <span class='ocrx_word' id='word_1_434' title='bbox 1192 2732 1257 2765; x_wconf 82' lang='lat'><strong>147</strong></span> <span class='ocrx_word' id='word_1_435' title='bbox 1290 2742 1352 2774; x_wconf 89' lang='lat' dir='ltr'><strong>sq.,</strong></span> <span class='ocrx_word' id='word_1_436' title='bbox 1389 2729 1587 2763; x_wconf 90' lang='lat' dir='ltr'><strong>Ludwichii</strong></span> <span class='ocrx_word' id='word_1_437' title='bbox 1616 2729 1681 2762; x_wconf 88' lang='lat' dir='ltr'><strong>De</strong></span> <span class='ocrx_word' id='word_1_438' title='bbox 1718 2729 1929 2762; x_wconf 86' lang='lat' dir='ltr'><strong>hexametris</strong></span> 
     </span>
     <span class='ocr_line' id='line_1_46' title="bbox 68 2782 1048 2837; baseline 0 -16"><span class='ocrx_word' id='word_1_439' title='bbox 68 2782 345 2837; x_wconf 15' lang='lat' dir='ltr'><strong>JkGraecorum</strong></span> <span class='ocrx_word' id='word_1_440' title='bbox 370 2788 505 2832; x_wconf 61' lang='lat' dir='ltr'><strong>spond!</strong></span> <span class='ocrx_word' id='word_1_441' title='bbox 530 2788 634 2822; x_wconf 84' lang='lat' dir='ltr'><strong>Halis</strong></span> <span class='ocrx_word' id='word_1_442' title='bbox 659 2787 737 2822; x_wconf 84' lang='lat' dir='ltr'><strong>Sax.</strong></span> <span class='ocrx_word' id='word_1_443' title='bbox 764 2788 864 2829; x_wconf 85' lang='lat'><strong>1866,</strong></span> <span class='ocrx_word' id='word_1_444' title='bbox 889 2798 922 2831; x_wconf 89' lang='lat' dir='ltr'><strong>p.</strong></span> <span class='ocrx_word' id='word_1_445' title='bbox 949 2789 970 2821; x_wconf 89' lang='lat'>9</span> <span class='ocrx_word' id='word_1_446' title='bbox 995 2799 1048 2832; x_wconf 88' lang='lat' dir='ltr'><strong>sq.</strong></span> 
     </span>
    </p>

    <p class='ocr_par' dir='ltr' id='par_1_13' title="bbox 73 2837 868 2890">
     <span class='ocr_line' id='line_1_47' title="bbox 242 2846 868 2890; baseline 0.001 -9.784"><span class='ocrx_word' id='word_1_447' title='bbox 242 2846 271 2890; x_wconf 67' lang='lat'><strong>⁴)</strong></span> <span class='ocrx_word' id='word_1_448' title='bbox 297 2846 350 2880; x_wconf 81' lang='lat' dir='ltr'><strong>cf</strong></span> <span class='ocrx_word' id='word_1_449' title='bbox 375 2847 558 2881; x_wconf 77' lang='lat' dir='ltr'><strong>Ludwich.</strong></span> <span class='ocrx_word' id='word_1_450' title='bbox 583 2847 605 2881; x_wconf 94' lang='lat'><strong>1</strong></span> <span class='ocrx_word' id='word_1_451' title='bbox 633 2858 661 2881; x_wconf 70' lang='grc' dir='ltr'><strong>ο.</strong></span> <span class='ocrx_word' id='word_1_452' title='bbox 686 2858 720 2890; x_wconf 88' lang='lat' dir='ltr'><strong>p.</strong></span> <span class='ocrx_word' id='word_1_453' title='bbox 748 2848 789 2880; x_wconf 87' lang='lat'><strong>15</strong></span> <span class='ocrx_word' id='word_1_454' title='bbox 817 2857 868 2890; x_wconf 82' lang='lat' dir='ltr'><strong>sq.</strong></span> 
     </span>
    </p>

    <p class='ocr_par' dir='ltr' id='par_1_14' title="bbox 194 2902 489 2947">
     <span class='ocr_line' id='line_1_48' title="bbox 194 2902 489 2947; baseline 0.007 -11"><span class='ocrx_word' id='word_1_455' title='bbox 194 2943 197 2946; x_wconf 16' lang='grc' dir='ltr'><strong>ἱ</strong></span> <span class='ocrx_word' id='word_1_456' title='bbox 244 2904 270 2947; x_wconf 77' lang='lat'><strong>⁵)</strong></span> <span class='ocrx_word' id='word_1_457' title='bbox 296 2902 349 2936; x_wconf 84' lang='lat' dir='ltr'><strong>cf.</strong></span> <span class='ocrx_word' id='word_1_458' title='bbox 373 2914 406 2947; x_wconf 91' lang='lat' dir='ltr'><strong>p.</strong></span> <span class='ocrx_word' id='word_1_459' title='bbox 434 2906 489 2938; x_wconf 82' lang='lat'><strong>15.</strong></span> 
     </span>
    </p>
   </div>
   <div class='ocr_carea' id='block_1_8' title="bbox 0 2800 653 3336">
    <p class='ocr_par' dir='ltr' id='par_1_15' title="bbox 0 2800 653 3336">
     <span class='ocr_line' id='line_1_49' title="bbox 0 2800 128 2855; baseline 0 481"><span class='ocrx_word' id='word_1_460' title='bbox 0 2800 128 2855; x_wconf 95' lang='lat' dir='ltr'><strong> </strong></span> 
     </span>
     <span class='ocr_line' id='line_1_50' title="bbox 0 2855 653 3336; baseline 0 -367"><span class='ocrx_word' id='word_1_461' title='bbox 0 2855 653 3336; x_wconf 95' lang='lat' dir='ltr'><strong>    </strong></span> 
     </span>
    </p>
   </div>
  </div>
 </body>
</html>
