2051 3336
1851 53 1906 93 95

985 196 1028 233 μ.

221 278 237 303 ι
266 263 307 301 in
338 261 581 317 ἀνάριθμος
617 242 847 314 pFodueissur
883 259 994 299 XVI·
1019 261 1086 308 64,
1129 261 1169 299 in
1206 260 1445 315 ἀνάριθμοι
1474 260 1556 298 XV
1588 261 1655 309 45,
1695 261 1905 313 corripitur

105 334 147 371 in
192 331 449 386 άριθμεῦντι
494 323 597 369 VIII
642 333 707 379 16,
749 332 791 369 in
833 332 1119 384 ἁριθμεῢνται
1148 331 1274 370 XVII
1317 333 1384 378 27,
1429 330 1612 384 ἀριθμεῖ
1651 331 1776 382 epigr.
1809 329 1904 371 dub.

9 421 13 424 ’
54 450 57 453 ῃ
105 401 209 441 XIV
240 403 279 449 4,
318 401 358 440 in
391 399 625 455 άριθμητοί
653 413 686 440 c.
718 399 821 439 XIV
852 400 1032 439 48.-α
1061 393 1109 438 in¹
1134 401 1321 454 σταθμοί
1347 395 1580 453 producitur
1607 398 1732 437 XXV
1764 401 1831 448 23,
1864 401 1906 438 in

8 522 21 526 ,.
106 472 314 522 σταθμῶν
342 469 440 509 ibid.
470 470 563 517 157,
596 470 635 507 in
668 469 890 523 σταθμούς
925 468 1020 507 ibid.
1041 469 1138 516 220,
1170 470 1377 520 corripitur
1403 471 1441 509 in
1473 470 1646 523 σταθμά
1671 468 1821 508 XXIV
1837 471 1904 508 15.

981 576 1018 602 v.

219 660 247 685 α
277 643 463 683 vocabuli
495 643 674 698 ἀφνειός
703 642 934 695 producitur
958 642 1104 682 XXIV
1137 643 1230 691 108,
1265 644 1472 696 corripitur
1501 644 1541 682 iu
1574 642 1758 698 ἀφνειόν
1795 643 1904 681 XIII

109 715 173 752 19.
201 734 254 743 —-
277 728 304 754 α
329 714 439 752 vocis
467 713 631 767 δάφναι
664 712 900 765 productum
931 698 1129 765 reperitur
1152 713 1196 750 II
1224 715 1243 751 1
1273 719 1312 750 et
1340 714 1463 764 epigr.
1492 714 1513 751 I
1542 715 1580 762 3,
1608 719 1832 766 correptum
1868 727 1900 751 c.

103 783 168 822 XI
188 785 258 822 45,
274 798 369 823 -α
389 784 431 822 in
461 784 622 822 nominc
638 782 811 837 Δάφνις
830 781 1066 835 productum
1099 787 1158 821 est
1187 781 1209 820 I
1234 782 1326 830 100,
1359 782 1461 821 VIII
1489 783 1527 830 8,
1552 783 1619 831 38,
1643 785 1710 833 71,
1744 796 1901 834 correp-

103 859 186 892 tum
228 853 269 890 in
307 852 447 892 eadem
477 853 606 892 forma
635 853 657 891 I
691 854 784 901 116,
831 853 871 890 in
902 851 1131 906 Δάφνιδος
1162 852 1287 904 epigr.
1319 850 1413 892 dub.
1445 851 1505 890 IV
1539 854 1603 900 14,
1647 854 1687 891 in
1720 853 1898 905 Δάφνιν

106 922 256 976 1'113,
299 922 339 960 in
370 922 520 977 Λάφνι
550 922 656 962 VIII
687 923 726 970 6,
759 922 826 970 82,
873 922 998 974 epigr.
1034 921 1130 961 dub.
1168 921 1235 960 III
1270 923 1306 962 1.
1337 945 1394 953 --
1437 937 1451 961 ι
1493 922 1532 960 in
1564 921 1781 963 ἱκνεῦνται
1813 935 1900 974 pro-

104 991 408 1033 duciturXXV
422 993 489 1039 28,
513 992 723 1044 corripitur
742 992 782 1030 in
805 990 983 1032 ἱκνεῖται
1005 992 1130 1043 epigr.
1149 990 1243 1030 dub.
1260 991 1365 1031 VIII
1386 993 1425 1030 3.
1447 1015 1504 1021 —
1519 1006 1539 1032 ε
1560 992 1599 1029 in
1621 992 1902 1043 τεθνάκαμες

103 1061 343 1115 productum
371 1052 568 1114 reperitur
597 1061 640 1099 II
663 1062 701 1110 5,
733 1066 955 1114 correptum
977 1060 1017 1099 in
1037 1061 1237 1109 τεθνεώς
1259 1061 1383 1113 epigr.
1402 1060 1495 1101 dub.
1517 1061 1583 1098 XI
1605 1062 1644 1099 5.
1666 1082 1721 1089 —
1743 1075 1771 1100 v
1791 1061 1900 1098 vocis

104 1131 243 1180 ὕπνος
279 1130 511 1183 producitur
547 1131 587 1169 in
618 1131 753 1170 formis
783 1130 907 1172 ὕπνω
938 1130 977 1170 V
999 1131 1066 1179 51,
1099 1130 1251 1171 ὕπνων
1281 1131 1322 1169 in
1353 1144 1387 1171 c.
1410 1129 1504 1170 dub.
1526 1131 1634 1170 XXI
1656 1131 1724 1178 66,
1756 1129 1900 1169 ὕπνου

105 1201 230 1254 epigr.
263 1200 357 1240 dub.
388 1200 455 1239 III
485 1202 523 1248 6,
557 1201 767 1252 corripitur
796 1201 837 1239 iu
867 1200 1004 1239 formis
1034 1199 1176 1241 ὕπνον
1206 1200 1353 1239 XXIV
1381 1201 1449 1251 47,
1481 1200 1625 1241 ὕπνου
1656 1200 1780 1251 epigr.
1803 1198 1896 1237 dub.
1963 1227 1967 1234 .

104 1271 143 1310 V
186 1272 232 1320 63
284 1284 331 1310 ac
381 1270 562 1309 similiter
606 1270 817 1323 corripitur
858 1285 886 1311 v
927 1270 968 1309 in
1013 1269 1217 1309 vocabulis
1267 1271 1489 1327 ἄγρυπνος
1536 1269 1684 1308 XXIV
1730 1270 1809 1308 106
1860 1274 1899 1307 et

103 1340 351 1395 ἀγρυπνίαν
381 1354 413 1378 c.
449 1339 541 1379 dub.
573 1340 683 1380 XXI
714 1341 781 1380 37.

222 1516 249 1543 α
279 1502 469 1541 vocabuli
500 1503 632 1556 ἄκρος
662 1500 900 1553 productum
931 1501 1130 1553 reperitur
1159 1502 1201 1540 in
1231 1501 1368 1540 formis
1399 1502 1533 1555 ἄκρας
1563 1501 1627 1540 ΙΧ
1658 1503 1727 1551 30,
1768 1502 1899 1541 XXII

108 1572 203 1619 185,
236 1572 371 1626 ἄκρον
400 1570 506 1610 XVI
537 1570 604 1619 77,
637 1570 678 1608 in
708 1569 873 1609 vocibus
904 1571 1135 1623 compositis
1174 1571 1362 1624 ἄκρηβος
1390 1570 1494 1608 VIII
1531 1572 1599 1619 93,
1661 1570 1902 1625 ἀκρόχλοον

103 1639 250 1679 XXIV
298 1642 365 1688 61,
414 1640 626 1692 corripitur
667 1645 800 1679 autem
831 1640 872 1678 in
903 1640 1042 1679 formis
1073 1641 1190 1694 ἄκρω
1222 1639 1286 1677 ΧΙ
1319 1641 1387 1688 37,
1419 1640 1556 1694 ἄκρον
1592 1639 1696 1678 XIV
1729 1642 1796 1687 61,
1832 1642 1898 1687 66,

104 1712 243 1765 ἄκρην
272 1709 402 1748 ΧΧΠ
435 1711 530 1757 196,
563 1710 674 1764 ἄκρα
705 1723 737 1748 c.
770 1708 863 1748 dub.
895 1709 1065 1761 XXVII
1096 1711 1164 1758 43,
1203 1709 1244 1747 in
1276 1708 1472 1748 vocabulo
1517 1710 1738 1762 composito
1783 1709 1900 1763 ἀκρέ-

106 1789 268 1834 σπερον
297 1779 443 1818 XXIV
476 1781 542 1818 77.
579 1802 626 1808 —
663 1793 682 1819 ε
713 1779 754 1817 in
785 1793 884 1817 voce
914 1779 1184 1834 γεγράψεται
1225 1778 1460 1832 producitur
1501 1779 1650 1817 XVIII
1681 1781 1749 1827 47,
1783 1779 1901 1818 corri-

40 1871 52 1899 χ
102 1851 210 1902 pitur
241 1851 282 1888 in
315 1848 520 1904 ἔγραψαν
550 1849 632 1888 XV
675 1851 747 1899 813
791 1850 832 1888 in
879 1848 1018 1889 eodem
1064 1863 1184 1889 vorsu
1223 1865 1247 1890 o
1285 1848 1473 1889 vocabuli
1505 1849 1751 1903 ζωογράφοι
1783 1849 1901 1887 corri-

102 1919 224 1970 pitur.
262 1941 319 1947 —
357 1934 372 1959 ι
403 1918 513 1957 vocis
551 1918 708 1973 δίφρος
744 1918 978 1971 producitur
1021 1920 1062 1958 in
1104 1920 1234 1958 forma
1274 1919 1446 1974 δίφρων
1476 1918 1607 1956 ΧΧΠ
1641 1920 1734 1965 142,
1780 1919 1899 1956 corri-

102 1990 210 2040 pitur
239 1989 281 2027 in
313 1988 473 2043 δίφρον
501 1988 585 2028 XV
616 1991 652 2027 2.
686 2011 743 2019 —
773 2004 793 2030 ε
822 1989 1010 2029 vocabuli
1041 1988 1146 2045 ἕδρα
1172 1989 1409 2043 productum
1442 1995 1502 2028 est
1539 1989 1580 2027 in
1608 1990 1736 2027 forma
1768 1986 1900 2041 ἕδραν

102 2070 134 2095 c.
170 2056 261 2095 dub.
294 2057 447 2094 XXIII
477 2058 531 2096 52
565 2063 604 2095 et
633 2058 673 2095 in
707 2071 806 2097 voce
834 2060 1057 2111 composita
1078 2058 1365 2113 ἑδροστρόφοι
1386 2058 1532 2106 XXIV
1557 2060 1652 2105 111,
1676 2063 1900 2108 correptum

101 2127 142 2165 in
175 2128 304 2166 forma
334 2125 438 2181 ἕδρα
468 2127 596 2167 XVII
628 2130 697 2168 20.
736 2152 791 2161 ——
823 2144 843 2170 ε
873 2130 913 2168 in
946 2128 1216 2183 κεχρήσεται
1247 2127 1480 2181 producitur
1509 2126 1614 2166 XVI
1647 2127 1713 2176 73,
1758 2126 1798 2165 in
1830 2125 1901 2167 κε’-

101 2199 273 2251 χρησθε
293 2194 442 2235 XXVI
466 2198 531 2245 18,
561 2198 601 2234 in
623 2198 905 2253 κεχρημένος
923 2199 1048 2236 XXV
1075 2200 1167 2246 101,
1200 2198 1413 2249 corripitur
1434 2198 1474 2235 in
1497 2197 1781 2251 κεχρημένος
1802 2196 1900 2234 ibid.

103 2268 170 2315 35,
203 2267 243 2304 in
276 2265 421 2321 ἐχρῆν
450 2260 599 2306 XVIII
632 2268 700 2315 12,
733 2268 954 2321 eademque
983 2269 1138 2307 ratione
1161 2283 1188 2308 α
1209 2266 1396 2306 vocabuli
1434 2266 1752 2320 ὃιαχρησεῖται
1784 2266 1901 2305 corri-

101 2336 210 2387 pitur
250 2335 333 2374 XV
376 2336 443 2375 54.
487 2359 543 2365 —
585 2351 612 2376 v
658 2337 767 2375 vociS
811 2336 981 2391 Κύπρις
1022 2336 1256 2389 producitur
1298 2337 1339 2374 in
1382 2336 1457 2374 hac
1488 2337 1577 2387 ipsa
1618 2336 1746 2374 forma
1777 2337 1797 2373 I
1830 2337 1897 2382 95,

99 2404 249 2445 xvm
281 2393 347 2454 51,
381 2406 422 2444 in
453 2405 629 2461 Κύπριν
670 2407 713 2445 11
759 2408 853 2456 131,
893 2407 1040 2462 Κύπρι
1069 2407 1091 2445 1
1124 2409 1220 2456 101,
1252 2406 1465 2459 corripitur
1496 2407 1537 2443 in
1567 2405 1692 2444 forma
1730 2405 1902 2459 Κύπρις

101 2474 252 2513 XVIII
295 2476 363 2523 51,
408 2475 534 2527 epigr.
575 2476 686 2514 XIII
736 2480 771 2516 1.
816 2499 872 2505 —
915 2492 943 2516 α
985 2476 1175 2515 adiectivi
1217 2477 1381 2530 μακρός
1421 2475 1654 2526 producitur
1690 2476 1730 2513 in
1774 2476 1902 2513 forma

99 2544 268 2598 μακρήν
297 2544 422 2583 XXV
454 2547 549 2593 242,
595 2546 808 2597 corripitur
851 2547 894 2585 in
936 2547 1072 2585 formis
1102 2546 1296 2599 μακρούς
1326 2545 1430 2584 XVI
1461 2545 1531 2593 43,
1563 2544 1693 2583 XXII
1726 2545 1795 2593 81,
1828 2559 1901 2598 μα-

98 2614 218 2668 κρῶν
247 2612 397 2651 XVIII
441 2615 508 2662 34,
539 2614 710 2668 μακράν
756 2628 789 2653 c.
834 2614 928 2653 dub.
970 2614 1079 2653 XXI
1123 2617 1190 2653 28.
1236 2637 1289 2643 -
1323 2627 1343 2654 ε
1374 2614 1561 2653 vocabuli
1592 2615 1747 2668 νεκρός
1778 2615 1901 2652 semel

100 2684 298 2736 reperitur
339 2682 575 2736 productum
620 2684 663 2723 in
709 2686 835 2723 forma
876 2691 1015 2740 νεκρῶ
1062 2699 1095 2725 c.
1142 2684 1236 2723 dub.
1280 2683 1434 2723 XXIII
1465 2687 1533 2734 41,
1581 2690 1807 2737 correptum
1859 2684 1899 2721 in

0 2754 3 2756 ’
66 2769 69 2773 ’
99 2753 239 2791 formis
281 2753 438 2808 νεκρόν
481 2752 578 2791 ibid.
625 2754 692 2802 53,
739 2759 907 2809 νεκρῶν
935 2754 1067 2793 XXII
1102 2756 1197 2793 179.
1231 2777 1285 2782 —-
1318 2769 1346 2794 α
1376 2755 1418 2792 in
1450 2768 1549 2793 voce
1580 2755 1776 2808 πατρώια
1814 2767 1901 2804 pro-

101 2822 261 2861 ducitur
303 2824 432 2861 XVII
478 2826 572 2871 104,
620 2824 660 2862 in
694 2825 914 2878 πατρώιον
943 2824 1076 2863 XXII
1111 2827 1205 2873 164,
1251 2831 1392 2864 contra
1423 2839 1583 2877 semper
1615 2824 1830 2876 corripitur
1860 2824 1901 2862 in

101 2891 291 2945 genetivo
335 2892 497 2947 πατρός
541 2890 665 2948 (VIII
708 2894 776 2945 20,
819 2893 883 2932 IX
927 2894 991 2943 13,
1023 2895 1099 2947 Ι23,
1134 2892 1266 2932 XXII
1302 2896 1395 2942 170,
1433 2896 1532 2943 1993
1564 2896 1605 2932 in
1646 2896 1772 2947 epigr.
1808 2893 1901 2930 dub.
