2051 3341
0 0 159 39 asaf·
239 35 245 37 ,ε
302 6 317 10 w
394 0 396 3 ·
656 12 659 15 .
916 15 927 19 s
1280 14 1283 17 ,
1366 0 1370 4 »
1462 0 1542 35 ;;.:·-
1654 0 1918 23 ...a

99 216 194 269 μάν
240 228 357 257 ποκα
406 216 520 257 τεῖδέ
559 230 613 257 τυ
663 216 810 270 δήσας,
858 215 955 255 ibid.
1000 217 1095 265 133,
1138 215 1199 255 VI
1241 217 1316 265 433
1360 217 1465 257 vm
1514 221 1581 267 10,
1624 220 1691 271 13,
1736 220 1804 268 23,
1849 218 1926 270 683

106 285 151 323 X
184 286 256 335 363
289 283 328 339 b)
358 285 465 324 XIV
497 287 571 335 643
603 285 687 324 XV
716 287 814 334 130;
844 285 994 324 XVIII
1016 287 1089 336 213
1123 283 1159 338 c)
1188 284 1316 325 XXV
1336 287 1405 334 38,
1440 289 1536 327 106.
1567 294 1777 341 praeterea
1807 280 1923 327 elisio

108 367 199 392 cum
237 355 432 394 incisione
468 354 584 406 pedis
613 354 721 392 tertii
753 354 943 392 convenit
972 354 1013 392 in
1045 367 1134 392 vv.:
1166 352 1208 407 a)
1238 354 1261 392 I
1292 356 1366 403 923
1409 355 1472 394 IV
1502 357 1571 405 36,
1604 357 1679 406 51;
1710 357 1751 396 V
1781 358 1820 405 9,
1855 357 1920 404 15,

106 423 185 471 62;
228 421 272 461 X
304 424 379 472 33,
424 422 490 461 XI
521 424 594 470 36;
637 420 675 475 b)
711 422 755 459 Π
786 423 839 461 69
884 419 973 476 (qui
1010 434 1150 460 versus
1191 422 1406 474 repetitur:
1446 423 1515 468 75,
1547 425 1617 472 81,
1650 426 1719 473 87,
1753 425 1822 476 93,
1853 425 1921 472 99,

114 488 1019 544 105,111,117,123,129,135)‚137;
1063 491 1147 530 XV
1180 489 1376 546 133319
1391 491 1519 531 XVII
1552 494 1653 542 1283
1691 493 1822 533 XXII
1856 495 1921 541 19,

113 562 183 609 91,
220 562 321 610 195;
353 560 503 599 XXIV
534 558 607 613 543
638 558 766 598 XXV
799 561 966 608 67,89,
1003 540 1099 608 128,
1133 561 1231 602 205.
1269 560 1455 600 similiter
1483 560 1637 600 vocalis
1672 560 1804 610 finalis
1834 569 1924 615 post
2001 583 2007 588 ι

110 630 254 683 pedem
288 637 487 683 quartum,
519 630 560 668 in
593 629 694 670 sede
720 642 910 669 caesurae
943 630 1150 669 bucolicae
1182 606 1360 670 eliditur:
1392 628 1435 684 a)
1465 630 1509 669 X
1542 631 1613 680 18,
1644 628 1682 684 b)
1711 630 1818 669 XIV
1842 633 1923 678 27,

105 700 193 738 XV
222 700 288 747 82,
325 701 424 748 143;
455 698 606 738 XVIII
637 700 710 748 34,
754 697 789 753 c)
821 698 931 737 XIlI
966 702 1002 746 1,
1035 701 1110 748 493
1153 699 1259 739 XVI
1290 701 1364 748 963
1395 699 1524 744 XVII
1553 701 1628 749 87,
1658 699 1790 750 XXII
1822 701 1922 749 107·

107 768 315 816 XXIVl,
349 769 418 819 56,
451 770 519 816 57,
552 770 624 817 89·
655 768 783 808 XXV
817 769 911 817 135,
945 769 1047 818 245,
1079 770 1208 823 epigr.
1230 768 1318 807 XII
1353 772 1395 818 1;
1428 767 1921 824 ‹DXX313XX14L

224 836 321 875 Alia
364 838 586 889 quaestio
629 843 690 876 est
732 850 830 877 sane
873 837 1114 883 difficillima
1149 851 1282 890 neque
1317 838 1450 877 adhuc
1485 838 1584 877 satis
1615 837 1835 890 explanata
1866 818 1929 877 de

107 905 223 944 sede
266 919 497 945 caesurae
538 906 820 959 primariae.
865 920 947 958 qua
989 906 1073 946 de
1082 920 1126 946 re
1168 906 1220 945 ab
1262 906 1493 946 hominibus
1531 906 1659 950 doctis
1696 907 1923 947 sententiae

108 988 271 1026 prorsus
314 975 499 1014 diversae
536 975 721 1027 prolatae
756 981 862 1015 sunt.
906 988 953 1016 ac
982 976 1112 1015 Lehrs
1150 976 1312 1028 quidem
1351 989 1512 1027 semper
1542 985 1746 1014 caesuram
1776 963 1922 1027 prima-

109 1045 210 1082 riam
254 1044 296 1082 in
339 1044 459 1083 tertio
502 1043 607 1097 pede
650 1042 904 1083 statuendam
949 1057 1131 1097 eamque,
1175 1045 1208 1084 si
1250 1044 1407 1094 nullum
1448 1043 1526 1083 hac
1565 1045 1608 1083 in
1652 1057 1791 1093 versus
1828 1043 1923 1086 sede
2033 1025 2051 1084 i

107 1114 274 1151 finiatur
314 1113 569 1163 vocabulum,
613 1114 699 1151 sola
739 1126 839 1152 voce
880 1114 922 1151 in
969 1113 1265 1165 pronuntiando
1307 1113 1613 1165 significandam
1649 1127 1737 1153 esse
1767 1119 1922 1162 censet,

107 1188 250 1221 contra
280 1182 364 1236 alii,
396 1183 436 1221 in
470 1181 615 1234 quibus
645 1187 738 1221 sunt
757 1182 977 1222 Hoffmann
990 1182 1022 1235 ¹)
1053 1188 1093 1222 et
1114 1181 1249 1222 Christ
1259 1179 1308 1238 ²),
1341 1196 1530 1223 caesurae
1552 1182 1918 1235 semiseptenariae,

108 1251 180 1289 ubi
211 1252 511 1303 interpungitur
550 1253 590 1289 iu
631 1265 692 1298 ea,
737 1252 931 1290 maiorem
961 1252 1044 1289 vim
1075 1251 1256 1290 tribuunt
1287 1265 1406 1303 quam
1437 1252 1624 1298 incisioni
1655 1252 1768 1304 pedis
1798 1251 1921 1299 tertii,

109 1320 223 1359 velut
252 1320 371 1359 Hom.
407 1322 449 1361 A
481 1323 563 1360 174
594 1321 795 1374 λίσσομαι
837 1319 962 1361 εἵνεκ’
994 1319 1111 1374 ἐμεῖο
1152 1321 1312 1375 μένειν·
1355 1323 1455 1376 παρ’
1487 1320 1632 1375 ἔμοιγε
1674 1321 1747 1362 καὶ
1785 1322 1919 1362 ἄλλοι.

102 1389 284 1429 Christio
317 1403 413 1428 vero
451 1396 666 1442 praeterea
714 1390 941 1428 hexametri
979 1389 1089 1442 apud
1119 1390 1342 1429 Homerum
1379 1391 1464 1429 eius
1495 1391 1668 1442 generis,
1713 1390 1829 1434 cuius
1861 1395 1923 1429 est

107 1472 146 1496 ν.
179 1460 221 1498 Α
251 1460 334 1498 309
367 1457 412 1507 ἐς
442 1458 479 1499 δ’
501 1457 649 1512 ἐρέτας
678 1458 848 1512 ἔκρινεν
878 1457 1078 1509 ἐείκοσιν,
1118 1457 1162 1507 ἐς
1198 1459 1236 1500 δ’
1260 1458 1503 1513 ἑκατόμβην
1532 1459 1600 1498 vel
1640 1460 1690 1500 Ψ
1715 1460 1798 1499 549
1829 1457 1919 1500 ἔστι

100 1541 174 1568 τοι
217 1526 266 1567 ἐν
301 1528 441 1582 κλισίῃ
477 1527 636 1585 χρυσὸς
670 1528 821 1578 πολύς,
864 1526 953 1567 ἔστι
984 1527 1033 1568 δὲ
1061 1528 1218 1580 χαλκός
1247 1528 1305 1566 ita
1334 1528 1377 1566 in
1407 1533 1544 1580 partes
1576 1528 1691 1567 binas
1723 1527 1918 1566 videntur

107 1610 195 1636 esse
239 1596 462 1648 dividendi,
510 1602 555 1635 ut
595 1597 730 1648 priore
772 1595 902 1648 pedes,
943 1602 1148 1648 quattuor⁴
1172 1598 1339 1649 priores,
1372 1597 1511 1640 altera,
1534 1597 1613 1635 duo
1645 1596 1793 1649 reliqui
1825 1610 1917 1635 con-

101 1667 330 1714 tineantur,
373 1678 472 1717 quas
508 1666 615 1704 inter
650 1670 786 1717 partes
823 1665 994 1703 eandem
1034 1665 1286 1704 intercedere
1318 1666 1376 1704 ait
1405 1666 1616 1715 rationem,
1667 1678 1788 1718 quam
1818 1666 1924 1705 inter

106 1735 228 1787 arsim
272 1740 312 1774 et
352 1733 500 1774 thesim
542 1735 584 1773 in
621 1734 707 1773 eius
738 1734 900 1786 generis
931 1734 1117 1787 pedibus,
1163 1734 1271 1787 quod
1301 1734 1531 1782 διπλάσιον
1560 1741 1710 1774 vocant
1739 1734 1921 1774 homines

108 1804 167 1842 rei
198 1804 392 1842 metricae
421 1803 544 1856 periti
560 1801 609 1858 3).
640 1802 746 1843 idem
778 1803 1082 1842 semiternariae
1113 1816 1275 1855 quoque
1305 1817 1509 1852 caesurae,
1542 1804 1576 1842 si
1597 1804 1922 1856 interpunctione

106 1873 325 1911 adiuvatur
355 1871 425 1927 (cf.
458 1873 578 1911 Hom.
611 1886 632 1913 ε
663 1873 746 1912 356
783 1873 817 1912 ὤ
852 1887 928 1926 μοι
958 1871 1058 1925 ἐγώ,
1093 1872 1151 1926 μή
1181 1873 1246 1921 τίς
1274 1887 1350 1926 μοι
1379 1872 1590 1928 ὑφαίνῃσι
1619 1872 1753 1914 δόλον
1784 1870 1920 1926 αὖτε),

106 1942 277 1979 similem
312 1942 396 1979 vim
436 1941 590 1987 tribuit,
635 1941 757 1992 atque
800 1941 902 1979 adeo
944 1940 1208 1979 incisionibus
1251 1946 1340 1992 post
1384 1941 1530 1993 pedem
1573 1941 1759 1992 primum,
1803 1942 1918 1980 velut

105 2012 148 2049 in
190 2025 232 2051 v.
270 2012 304 2049 B
349 2012 402 2050 23
453 2010 606 2061 εὕδεις,
655 2010 819 2064 Ἀτρέος
868 2009 935 2051 υἱὲ
983 2010 1225 2064 δαΐφρονος
1275 2009 1554 2063 ἱπποδάμοιο.
1606 2010 1710 2051 alios,
1749 2009 1923 2062 denique

107 2081 377 2128 hexametros,
420 2085 466 2118 ut
507 2093 547 2119 v,
588 2081 624 2119 Z
669 2081 748 2119 181
799 2078 970 2133 πρόσθε
1010 2078 1136 2130 λέων,
1180 2080 1338 2120 ὄπιθεν
1378 2077 1427 2120 δὲ
1468 2078 1658 2133 δράκων,
1699 2078 1836 2133 μέσση
1855 2078 1924 2120 »δὲ

101 2149 298 2203 χίμαιρα,
354 2162 459 2197 non·
496 2150 538 2186 in
590 2148 669 2187 duo
718 2148 986 2197 hemistichia,
1044 2148 1115 2187 sed
1165 2149 1208 2187 in
1258 2155 1394 2201 partes
1443 2154 1525 2187 tres
1576 2149 1698 2187 etiam
1748 2149 1923 2192 caesuris

106 2219 283 2257 metricis
327 2218 477 2256 divisos
521 2218 625 2257 vult.
672 2217 748 2255 hac
790 2230 887 2256 vero
932 2218 973 2256 in
1015 2231 1059 2257 re
1103 2217 1250 2266 Christ,
1294 2230 1540 2269 quamquam
1583 2223 1794 2269 poetarum
1837 2222 1923 2256 erat

107 2301 273 2341 operam
322 2287 433 2335 dare,
485 2293 530 2325 ut
579 2287 877 2326 enuntiatorum
918 2286 1019 2325 fines
1061 2287 1103 2326 in
1145 2299 1270 2326 unum
1311 2286 1575 2325 convenirent
1615 2299 1706 2325 cum
1747 2286 1922 2325 caesuris

105 2357 295 2403 metricis,
328 2362 465 2396 tamen
487 2357 592 2395 iusto
614 2355 705 2408 plus
726 2355 903 2395 tribuere
924 2354 1087 2403 videtur
1109 2355 1515 2408 interpunctionibus.
1548 2361 1657 2395 certe
1678 2356 1720 2394 in
1741 2355 1919 2395 Homero

102 2432 169 2464 sat
198 2427 327 2464 multa
354 2425 539 2473 suadent,
571 2430 616 2464 ut
642 2426 895 2477 praeferatur
921 2425 963 2462 in
985 2425 1071 2463 eius
1091 2424 1200 2463 modi
1221 2425 1404 2463 versibus
1427 2437 1592 2463 caesura
1611 2424 1728 2476 pedis
1748 2425 1855 2463 tertii
1871 2426 1919 2475 ⁴).

103 2497 230 2550 paulo
262 2497 381 2536 aliter
410 2510 475 2536 res
505 2509 549 2535 se
576 2495 699 2534 habet
724 2496 765 2534 in
789 2494 1033 2542 carminibus
1055 2494 1276 2534 Theocriti.
1310 2494 1429 2534 huius
1451 2492 1621 2547 quidem'
1634 2500 1768 2534 aetate
1787 2494 1921 2547 poesis

103 2564 355 2604 Graecorum
398 2566 516 2618 epica
558 2564 608 2603 ad
653 2567 903 2603 communem
933 2564 1076 2617 populi
1106 2561 1267 2615 sensum
1298 2563 1394 2603 olim
1425 2562 1729 2603 accommodata
1757 2563 1852 2601 iam·
1870 2561 1920 2601 ad

107 2635 290 2691 homines
323 2634 458 2674 doctos
488 2636 857 2687 transmigraverat.
890 2640 1011 2688 atque
1042 2635 1253 2681 materiam
1284 2633 1466 2672 homines
1493 2633 1662 2672 litterati
1681 2632 1922 2684 plerumque

225 2763 249 2805 ¹)
277 2761 438 2802 Quaestt.
463 2760 569 2792 Hom.
595 2760 613 2792 Ι
637 2770 670 2802 Ρ.
696 2761 752 2792 28.

223 2817 250 2863 ²)
276 2817 408 2861 Metrik
434 2811 471 2849 'd.
500 2812 640 2850 Griech.
664 2811 700 2850 u‘.
723 2817 827 2860 Rom.
853 2827 886 2860 p.
917 2818 982 2850 170
1009 2826 1063 2862 sq'..

224 2877 253 2921 ³)
279 2876 332 2909 cf.
358 2876 444 2910 ibid.
471 2887 504 2918 p.
532 2876 609 2908 179.
1037 2914 1040 2919 .
1131 2909 1134 2916 Δ

222 2934 250 2979 ⁴)
278 2930 332 2968 Cf.
357 2933 513 2967 Hartelii
537 2933 655 2966 ιΗοιιι.
682 2933 792 2966 Stud!
819 2933 834 2965 1
861 2934 916 2966 94.
981 2973 1004 2977 Ι,
1077 2972 1089 2976 ..
1122 2974 1124 2976 .
1180 2974 1182 2977 ,
