2051 3341
54 260 58 261 ⁷
110 199 341 259 definirent,
377 209 600 248 Hoffmann
638 215 678 247 et
715 209 785 261 qui
823 222 914 247 eum
949 208 1078 248 secuti
1113 190 1208 248 sunt
1241 200 1399 248 mirum
1412 188 1541 277 ‘ul-m,

113 294 219 334 quae
250 280 411 328 dicitur,
444 278 560 318 abusi
589 279 714 318 falsas
743 276 945 318 mentibus
974 276 1053 316 sibi
1083 277 1288 318 finxerunt
1326 275 1562 333 opiniones,

112 351 177 390 his
206 349 327 389 rebus
366 350 512 389 offusas
557 348 717 400 egregie
746 347 933 386 discussit
975 345 1026 389 G.
1057 346 1259 397 Harte11),
1303 349 1389 401 qui
1410 349 1501 403 ipsa
1537 364 1589 390 s
1592 337 1594 339 .
1642 400 1647 404 ¹

112 433 301 460 sonarum
348 424 492 458 natura
534 418 576 456 in
620 417 817 456 auxilium
866 422 1012 456 vocata
1052 429 1136 456 rem
1180 416 1459 458 difficillimam
1503 420 1572 459 ita
1602 406 1673 464 ex
1761 463 1763 465 ,

113 489 317 529 cantilena
346 488 431 534 illa,
463 486 685 540 Homerum
723 486 907 525 brevium
937 486 1184 538 syllabarum
1213 486 1500 540 productiones
1537 496 1610 529 aut
1643 491 1679 542 h·
1798 515 1802 517 -

113 565 224 598 certa
252 558 358 609 lege,
406 554 524 594 modo
561 561 607 594 ut
643 568 867 595 sermonem
904 555 1022 594 metri
1063 555 1226 595 vinculo
1263 555 1420 609 ligaret,
1465 546 1728 611 admisisse,·‘

112 627 275 668 tandem
305 626 452 665 debeat
478 624 705 665 decantari.
756 624 830 663 sub
872 624 980 664 idem
1010 626 1096 664 fere
1125 631 1284 679 tempus
1314 628 1436 666 etiam
1466 614 1770 683 Κιιοιιεὶιιιιιῖῗἡ

110 710 175 738 res
206 695 515 749 diligentissime
545 694 805 749 inquisivisse
835 693 1133 734 memorandum
1168 702 1241 734 est.
1698 681 1701 682 ⁷

227 766 517 804 Demonstrata
545 764 625 804 hoc
655 763 774 804 modo
804 777 902 803 vera
934 765 1155 817 quaerendi
1183 766 1340 805 ratione
1371 766 1520 805 factum
1550 774 1623 821 est,
1662 775 1713 809 ιιι
1728 755 1871 812 viro

110 836 318 876 doctorum
361 835 486 873 animi
532 835 653 874 etiam
695 832 748 873 ad
785 833 887 873 alios
924 839 1065 886 poetas
1104 832 1293 882 Graecos,
1340 835 1411 888 qui
1454 839 1597 876 eodem
1635 836 1806 883 versu

112 905 316 945 Homerus
347 904 410 942 usi
430 909 535 952 sunt,
568 908 912 957 converterentur.
944 903 1083 955 itaque
1119 903 1229 942 haud
1258 904 1383 943 multo
1419 911 1512 959 post
1542 897 1807 959 quaestiones·

110 974 273 1013 dierunt
303 987 329 1012 a
347 973 537 1021 Rzachio,
570 971 847 1020 Scheindlero,
883 971 1111 1024 Hilhergin,
1144 972 1342 1022 Benekio,
1366 973 1456 1013 aliis
1477 976 1739 1028 conscriptae,
1770 963 1810 1030 q.

114 1057 254 1082 versus
284 1042 436 1081 heroici
467 1048 623 1093 natura,
664 1054 743 1098 quo
773 1047 933 1093 poetae,
973 1043 1043 1094 qui
1075 1041 1333 1082 inferioribus
1365 1044 1529 1083 fuerunt
1558 1045 1872 1097 temporibus,

112 1119 219 1161 sunt,
253 1112 477 1151 accuratius
508 1111 756 1151 inlustratur.
1736 1121 1741 1123 “

229 1179 331 1220 Cum
363 1186 499 1220 autem
519 1181 616 1220 satis
637 1186 793 1220 constet
811 1181 945 1233 poesis
967 1181 1108 1234 epicae
1128 1180 1394 1234 disciplinam,
1428 1195 1531 1234 quae
1558 1183 1756 1235 paulatim
1777 1184 1921 1234 exortu

110 1257 336 1305 temporum
359 1261 545 1289 successu
565 1251 700 1288 varias
722 1256 892 1303 experta
915 1256 1001 1288 erat
1021 1250 1277 1299 mutationes,
1310 1264 1334 1288 a
1355 1252 1502 1289 Nonno
1525 1252 1597 1289 illo
1619 1253 1819 1305 Panopol'

109 1320 378 1359 severissimis
409 1319 641 1358 adstrictam
680 1332 766 1358 esse
796 1320 957 1371 legibus
988 1332 1036 1358 ac
1064 1326 1220 1358 tautum
1252 1320 1371 1359 huius
1400 1327 1547 1372 poetae
1577 1322 1755 1361 valuisse
1784 1335 1838 1362 au

112 1391 287 1436 ritatem,
321 1395 365 1427 ut
396 1402 546 1436 omnes,
587 1389 657 1440 qui
687 1395 829 1441 postea
863 1403 984 1427 versu
1013 1389 1175 1428 heroico
1207 1390 1440 1441 pangebant
1477 1392 1667 1439 carmina,
1705 1391 1815 1437 hunc
1842 1391 1945 1449 sibi?

113 1458 356 1498 imitandum
387 1465 675 1511 proponerent,
707 1458 828 1497 facile
858 1459 1120 1510 intellegitur,
1161 1473 1231 1498 cur
1262 1459 1412 1503 factum
1442 1460 1505 1508 sit,
1544 1466 1589 1499 ut
1625 1460 1817 1516 plerique
1842 1456 1944 1519 viri}

111 1528 260 1574 eruditi
311 1528 352 1566 in
402 1528 627 1566 hexametri
678 1527 824 1567 Graeci
875 1528 1052 1567 rationes
1101 1529 1350 1581 inquirentes
1399 1528 1511 1568 illius
1563 1530 1817 1581 potissimum
1854 1523 1923 1585 (

88 1597 343 1643 ,discesseris
375 1596 425 1636 ab
457 1596 653 1647 Homero)
688 1602 814 1636 artem
847 1596 1050 1636 metricam
1083 1596 1387 1648 describendam
1408 1597 1485 1637 sibi
1517 1610 1604 1640 esse
1624 1604 1831 1653 putarent.
1846 1598 1879 1654 ξε

112 1668 350 1707 Hermanno
370 1666 630 1719 praeeunte3)
662 1667 742 1705 iam
762 1666 890 1706 Lehrs
900 1663 935 1721 4)
967 1667 1257 1706 accuratiorem
1286 1666 1338 1706 de
1363 1680 1484 1707 versu
1504 1667 1722 1707 Nonniano
1743 1654 1901 1709 institui

114 1737 406 1790 quaestionem,
456 1736 681 1775 recentiore
718 1741 852 1775 autem
886 1741 1019 1775 aetate
1056 1735 1225 1776 eandem
1261 1749 1346 1776 rem
1377 1742 1651 1776 tractaverunt
1692 1737 1736 1777 in
1777 1736 1853 1790 pris

111 1806 320 1854 Ludwich,
354 1805 606 1854 Scheindler‚
639 1805 813 1853 Tiedke,
846 1805 1035 1858 Hilberg.

230 1876 310 1916 Sed
340 1875 450 1915 haud
481 1875 572 1929 pari
603 1874 735 1915 studio
767 1874 901 1914 adhuc
930 1876 973 1915 in
1004 1876 1116 1927 leges
1147 1875 1384 1928 inquisitum
1416 1865 1489 1923 est,
1523 1888 1627 1927 quae
1648 1876 1756 1928 apud
1785 1860 1862 1928 dos

107 1946 201 1984 illos
232 1951 374 1997 poetas
405 1944 712 1983 Alexandrinos
742 1945 784 1983 in
823 1945 1006 1983 versibus
1045 1944 1265 1983 condendis
1302 1942 1560 1997 valebant⁶);
1598 1957 1692 1983 nam
1728 1945 1763 1983 si
1794 1943 1855 1990 dis

111 2015 243 2053 dimus
275 2029 298 2052 a
330 2013 647 2068 quaestionibus,
688 2027 794 2065 quae
831 2014 882 2051 ad
921 2025 1060 2052 omnes
1093 2013 1339 2052 Graecorum
1376 2017 1519 2064 poetas
1551 2012 1687 2064 epicos
1726 2002 1878 2066 spect-q-

114 2086 233 2123 unius
271 2083 515 2123 Callimachi
552 2097 616 2121 ars
654 2084 820 2121 metrica
857 2083 1045 2121 subtilius
1084 2082 1287 2134 descripta
1317 2086 1377 2120 est
1389 2079 1438 2136 ⁶).
1491 2081 1557 2126 ad,
1580 2082 1808 2137 Theocriti.
1828 2096 1856 2124 v

232 2164 260 2209 ι)
286 2163 529 2196 ‘Homerische
561 2161 734 2203 Studien',
773 2162 830 2194 111
858 2163 963 2205 partt.
997 2160 1257 2204 (Sitzungsber.
1291 2161 1354 2194 der
1382 2160 1565 2194 k..Akad.
1590 2161 1654 2194 der
1672 2161 1797 2204 ‘Wiss.,

112 2222 193 2256 hist.
231 2221 363 2263 Classe,
401 2220 475 2254 vol.
509 2220 674 2262 LXVIII,
709 2220 796 2253 fasc.
835 2221 875 2261 33
914 2218 985 2252 vol.
1007 2218 1170 2261 LXXVI,
1206 2219 1294 2253 fasc.
1330 2221 1363 2260 3,
1400 2218 1470 2252 vol.
1513 2218 1713 2270 LXXVIII,
1742 2218 1804 2255 'faa

113 2279 267 2313 vindob
294 2280 382 2312 1871
409 2282 444 2312 et
469 2280 571 2312 1874.
667 2281 674 2287 ·
1800 2289 1819 2302 2

229 2336 259 2382 ²)
285 2338 351 2369 ‘De
376 2337 554 2379 digammo
578 2334 1745 2376 Homerieo’,Universitets-Arsskrift,Ups.1872,1873,1878.

229 2393 260 2439 ³)
285 2394 338 2428 Of.
363 2394 639 2437 disputationem
663 2404 772 2437 supra
795 2393 952 2427 adlatam
977 2393 1045 2427 ‘De
1069 2395 1185 2427 aetate
1209 2391 1391 2436 scriptoris
1415 2389 1757 2436 Argonauticornm’.

228 2449 260 2496 ⁴)
286 2451 447 2492 Quaestt.
472 2462 538 2495 ep.,
562 2451 701 2495 Regim.
728 2451 846 2486 Pruss.
876 2451 978 2493 1837,
1004 2449 1090 2485 diss.
1114 2449 1175 2493 IV,
1201 2460 1235 2494 p.
1261 2450 1329 2484 253
1354 2459 1431 2494 sqq.
1728 2467 1746 2470 ’ν

230 2510 257 2551 ⁵)
282 2509 464 2541 Nonnulla
497 2510 537 2540 in
578 2510 783 2552 universum
822 2508 866 2540 de
900 2507 1220 2541 Alexandrinorum
1254 2511 1440 2550 poetarum
1477 2507 1679 2543 hexametro
1720 2504 1753 2538 G

112 2568 276 2613 exposuit
299 2567 382 2597 ‘Zur
407 2566 621 2598 Geschichte
652 2566 715 2597 des
740 2567 870 2610 griech.
901 2566 976 2598 und
1004 2566 1065 2597 lat.
1096 2566 1258 2610 Hexam.¹
1290 2565 1529 2607 Sitzungsber.
1563 2565 1627 2596 der
1654 2563 1739 2620 phil

113 2625 167 2658 cl.
193 2625 263 2665 der
279 2625 314 2656 k.
339 2625 458 2667 bayer.
483 2624 599 2656 Akad.
623 2624 686 2656 der
710 2625 818 2656 Wiss.
843 2633 876 2655 a.
899 2626 1000 2667 1884,
1025 2634 1059 2667 p.
1086 2626 1154 2655 979
1179 2634 1254 2667 sqq.
1702 2646 1727 2664 »-

233 2680 263 2728 ⁶)
278 2681 332 2715 Of.
345 2682 516 2725 inprimis
530 2680 569 2713 C.
581 2680 703 2725 Prahl,
716 2681 966 2722 ‘Quaestiones
977 2672 1144 2715 metricae
1157 2681 1201 2714 de
1211 2680 1454 2724 Callimacho',
1467 2680 1664 2724 HalisSax.

113 2741 219 2784 neke,
231 2741 301 2774 ‘De
314 2743 390 2775 arte
400 2740 550 2782 metrica
563 2739 784 2772 Callimachi’
787 2739 1042 2783 ,Argentorati
1050 2731 1632 2793 1880‚‘BeitragezurMet1-ik<tei
1660 2728 1662 2730 ’

110 2798 271 2831 Berolini
288 2798 397 2839 18833
416 2796 458 2829 G.
479 2796 593 2839 Heep,
611 2796 859 2836 ‘Quaestiones
873 2796 1134 2832 Callimacheae
1150 2796 1347 2845 meffleae‘
1330 2819 1342 2837 ,
1364 2790 1517 2834 Bonnae'
1529 2787 1647 2842 188&-
1659 2814 1671 2841 .·

87 2852 247 2889 ''stiones
268 2856 313 2887 de
336 2856 535 2887 rationibus
552 2855 746 2916 hexametri
763 2854 997 2889 Callimachei
1016 2856 1197 2893 institutas
1213 2854 1329 2919 adfert
1349 2855 1409 2892 13³1-
1417 2853 1550 2894 ξομθὶ
1632 2849 1651 2854 *⁴
1671 2842 1674 2845 Δ
