2051 3341
147 224 358 265 adnotavit
387 226 505 266 haec:
539 226 563 268 ὁ
592 226 755 280 ποιμὴν
789 227 951 280 Θύρσις
971 225 1140 266 ἐπαινεῖ
1159 224 1328 267 ἑαυτόν.
1362 227 1413 266 G.
1428 225 1813 281 Hermafinau'tem,
1836 242 1891 283 qu
1915 218 1917 222 ¹

148 296 276 333 secuti
308 301 402 335 sunt
430 295 592 335 Ahrens
624 301 663 334 et
693 294 881 334 Meineke
911 295 953 334 in
984 293 1078 333 edit.
1110 293 1202 343 HL,
1234 295 1486 346 scripturam,
1520 311 1624 349 quae
1645 303 1647 305 ’
1666 286 1813 340 ceteris
1833 300 1985 351 libris

150 364 375 412 exhibetur,
419 364 486 405 ἅδ’
520 364 547 404 ἁ
590 365 717 417 φωνά
759 364 975 402 Theocrito
1017 363 1226 401 vindicare
1268 363 1422 402 studuit
1438 361 1487 418 ¹).
1543 379 1662 418 quam
1715 362 1983 413 sententiams

153 432 333 472 stabilire
376 434 505 472 voluit
542 433 709 471 conlatis
752 446 818 470 vv.
852 432 916 470 XI
948 433 1000 470 58
1033 430 1081 472 ἐν
1110 437 1301 485 χειμῶνι,
1330 423 1413 472 XV
1447 435 1527 472 145
1566 433 1594 475 ἁ
1622 436 1791 489 θήλεια,
1833 437 1960 485 XXV
2043 420 2051 481 Ι,

154 503 233 541 173
277 501 325 542 ἐκ
366 504 578 556 Περσῆος,
621 513 786 553 quorum
821 501 998 555 omnium
1042 513 1201 553 prorsus
1244 501 1325 539 alia
1367 508 1429 540 est
1465 501 1668 553 condici03
1712 519 1805 544 nam
1835 520 1986 549 unus-·
2043 491 2051 519 ἶ

152 573 321 623 quisque
369 571 505 609 horum
556 583 744 608 versuum
787 584 887 609 voce
937 571 1075 608 finitur
1123 570 1350 622 trisyllaba,
1403 584 1508 623 quae
1555 585 1643 610 cum
1687 575 1960 625 praecedente
1985 578 1987 580 ’
2014 599 2025 605 <

154 639 433 692 monosyllaba
479 639 602 678 efficit
645 638 922 692 dispondeum.
967 640 1010 678 iu
1052 653 1099 678 eo
1142 645 1289 689 autem,
1334 639 1443 692 quod
1469 640 1642 693 Thyrsis
1669 655 1793 685 suum
1829 644 1960 696 ipsius

153 716 309 746 cantum
340 708 491 755 laudat,
523 708 632 746 haud
661 714 774 746 tanta
803 710 935 747 inesse
967 709 1128 747 videtur
1159 709 1338 756 offensio,
1372 715 1562 760 quantam
1601 710 1735 749 inesse
1756 712 1956 763 putabant

148 778 327 816 homines
360 777 492 827 docti3
523 778 571 817 cf.
606 791 711 830 quae
744 778 932 833 exposuit
962 778 1171 818 Fritzsche
1202 777 1296 836 edit.
1329 779 1467 818 maior.
1499 793 1539 831 p.
1572 780 1626 819 35
1659 793 1718 832 sq.

261 845 480 885 Vocabulis
511 846 736 899 trisyllabis
758 846 1000 886 Theocritus
1029 840 1071 885 in
1093 860 1233 885 versus
1265 848 1377 885 exitu
1398 847 1689 899 spondiazonte
1711 850 1960 903 quinquiens

148 915 310 954 deciens
341 929 436 954 usus
468 922 540 964 est,
573 917 734 955 sexiens
764 930 861 955 vero
894 917 963 964 ita,
997 922 1041 955 ut
1060 930 1142 955 vox
1162 917 1283 955 trium
1306 916 1558 969 syllabarum
1579 927 1667 959 cum
1687 918 1970 970 praecedente*
1996 962 1999 964 ,
2039 929 2042 931 ’

146 985 427 1036 monosyllaba
457 992 543 1024 arte
574 998 727 1040 conexa
758 985 1022 1037 dispondeum
1056 986 1204 1024 efficiat
1219 983 1268 1040 2).
1300 999 1434 1037 neque
1467 986 1608 1025 ceteris
1635 986 1734 1026 locis
1755 989 1853 1038 quin
1877 1001 1955 1027 vox
1994 1038 1996 1040 ‚
2025 988 2048 1020 ’-

147 1054 365 1105 trisyllaba
395 1055 436 1092 in
467 1056 547 1093 fine
577 1067 717 1094 versus
748 1056 882 1106 posita
912 1060 997 1097 arte
1028 1068 1071 1093 se
1102 1053 1279 1106 adplicet
1310 1054 1362 1093 ad
1392 1053 1635 1094 vocabulum
1665 1061 1954 1106 antegressum,
1979 1066 1986 1068 “
2021 1080 2023 1082 -

153 1122 331 1161 dubitari
361 1128 512 1175 potest3
544 1124 744 1175 reperitur
775 1123 880 1162 enim
914 1129 983 1162 aut
1013 1123 1309 1163 substantivum
1341 1125 1430 1163 cum
1462 1123 1663 1163 adiectivo
1694 1137 1765 1163 suo
1786 1125 1855 1164 vel
1876 1125 1957 1164 alia

152 1204 253 1231 voce
297 1193 419 1231 simili
449 1193 492 1230 in
524 1193 636 1231 exitu
661 1205 802 1231 versus
833 1193 1007 1245 positum
1041 1198 1111 1231 aut
1142 1192 1310 1232 verbum
1341 1205 1430 1231 cum
1462 1191 1657 1231 adverbio
1689 1187 1957 1233 antecedente

149 1262 420 1310 coniunctum,
467 1267 537 1301 aut
575 1262 656 1300 alia
691 1263 848 1301 ratione
880 1275 1010 1313 eaque
1040 1261 1160 1300 simili
1193 1261 1451 1299 cohaerentia
1482 1262 1665 1301 efficitur.
1710 1276 1790 1315 uno
1822 1268 1956 1315 autem

152 1343 272 1368 versu
317 1336 486 1381 excepto
531 1331 673 1383 (XXV
707 1327 780 1384 98)
820 1345 899 1369 vox
944 1330 1129 1369 ultimum
1171 1330 1396 1388 hexametri
1434 1329 1674 1369 vocabulum
1716 1331 1959 1370 antecedens
2027 1331 2030 1333 “

146 1411 305 1450 semper
334 1399 462 1437 tribus
494 1400 561 1438 vel
591 1399 775 1451 pluribus
806 1405 962 1437 constat
993 1398 1163 1449 syllabis
1183 1395 1231 1453 3).

261 1468 402 1519 Longe
450 1469 776 1519 frequentissime
824 1468 1065 1507 Theocritus
1124 1470 1274 1520 pariter
1324 1474 1446 1519 atque
1498 1469 1568 1506 alii
1619 1473 1766 1519 poetae
1815 1482 1956 1508 versus

146 1536 592 1588 spondiacos‚vocibus
633 1538 748 1577 finire
790 1537 947 1577 solebat
988 1537 1283 1591 tetrasyllabis;
1330 1543 1438 1576 certe
1482 1537 1586 1576 duae
1624 1536 1786 1589 quidem
1823 1543 1958 1589 partes

146 1606 361 1659 (LXXIV)
397 1609 575 1645 omnium
605 1607 940 1653 hexametrorum,
984 1621 1152 1658 quorum
1194 1620 1267 1659 pes
1298 1607 1462 1658 quintus
1493 1606 1734 1658 spondiacus
1764 1613 1836 1654 est,
1879 1606 1956 1644 hoc

147 1674 266 1714 modo
318 1676 596 1714 terminantur.
650 1689 696 1715 ac
746 1675 955 1714 dimidium
1001 1677 1085 1715 fere
1129 1672 1334 1730 (XXXV)
1377 1688 1521 1715 vocum
1563 1675 1724 1715 illarum
1768 1680 1955 1727 quattuor

147 1744 325 1795 syllabas
362 1746 689 1797 amplectentium
725 1746 955 1785 nominibus
993 1747 1176 1794 efficitur,
1221 1746 1347 1784 altera
1376 1759 1470 1797 pars
1501 1743 1772 1798 (XXXVIII)
1801 1744 1954 1792 verbis;

145 1813 268 1851 semel
300 1812 535 1852 adverbium
568 1821 757 1866 quattuor
785 1815 1034 1866 syllabarum
1065 1816 1106 1853 in
1137 1815 1217 1853 fine
1248 1827 1390 1853 versus
1420 1813 1629 1866 spondiaci
1659 1813 1819 1865 legitur.

260 1883 311 1922 In
355 1885 520 1923 nomina
562 1891 696 1924 autem
738 1884 1003 1933 tetrasyllaba
1045 1885 1087 1922 in
1131 1884 1227 1922 solis
1267 1885 1353 1922 fere
1384 1882 1626 1923 carminibus
1658 1883 1785 1933 epicis
1814 1895 1954 1920 versus

144 1951 497 2003 σπονδειάζοντες
550 1953 701 1992 habent
758 1953 924 2002 exitum,
980 1966 1199 2005 numquam
1254 1953 1295 1991 in
1343 1951 1508 2005 edylliis
1552 1951 1698 1999 bucol„
1743 1950 1870 1990 semel
1912 1951 1953 1989 in
1994 1960 2000 1965 ·

263 2184 288 2226 ¹)
315 2185 381 2216 ‘De
405 2188 480 2216 arte
504 2184 621 2226 poesis
648 2183 864 2217 Graecorum
888 2184 1016 2216 bucoL'
1044 2183 1215 2225 Opuscul.
1241 2183 1337 2223 VIII,
1362 2193 1396 2224 p.
1425 2183 1502 2214 330.

264 2239 293 2286 2)
320 2241 410 2274 Sunt
434 2241 470 2274 hi
495 2240 581 2274 loci:
632 2244 671 2284 a)
695 2241 746 2273 XI
771 2243 816 2275 58
848 2239 892 2274 τὰ
918 2239 958 2274 δὲ
982 2240 1118 2284 γίνεται
1142 2237 1182 2274 ἐν
1204 2242 1370 2285 χειμῶνι;
1396 2239 1428 2282 b)
1460 2238 1528 2271 XV
1553 2239 1597 2272 83
1623 2234 1742 2280 σοφόν
1771 2247 1828 2269 τοι
1849 2239 1942 2281 χρῆμ

144 2299 365 2344 ὥνθρωπος,
391 2301 456 2333 145
483 2299 697 2345 σοφώτερον
713 2298 737 2332 ἁ
753 2299 902 2343 θήλεια;
917 2302 946 2342 c)
962 2300 1066 2332 XXII
1083 2301 1127 2331 43
1142 2296 1304 2342 ἐπιβρύει
1328 2296 1375 2330 ἀν
1386 2295 1692 2340 λειμῶνας,’ΧΧῩ
1705 2296 1749 2328 25
1771 2292 1954 2338 τριπόλοις

143 2356 283 2402 σπόρον
307 2354 348 2390 ἓν
371 2359 531 2401 νειοῖσιν,
558 2359 624 2392 173
649 2357 908 2402 μιμνήσκομαι,
933 2354 971 2390 ἐκ
996 2356 1174 2401 Περσῆος.

259 2417 287 2459 ³)
314 2416 368 2449 Cf.
394 2416 425 2459 b)
451 2417 518 2449 XV
546 2418 612 2450 110
637 2413 804 2460 θυγατὴρ
847 2414 971 2459 Ἑλένᾳ
996 2412 1113 2448 εἰκυῖα
1150 2415 1234 2454 (nisi
1279 2414 1368 2447 forte
1393 2413 1427 2446 h.
1451 2413 1475 2445 l.
1500 2411 1663 2445 similiter
1687 2414 1794 2454 atque
1817 2410 1855 2442 in
1879 2409 1952 2442 Ho-

143 2484 237 2508 mero
268 2471 387 2507 ἐικυῖα
410 2474 601 2517 legendum
626 2477 690 2516 est,
721 2473 764 2506 cf.
796 2474 851 2506 La
874 2473 1003 2505 Rochii
1033 2472 1187 2505 ‘Romen
1214 2471 1363 2504 Unters.‘
1394 2482 1428 2514 p.
1459 2471 1504 2503 84
1530 2468 1597 2514 sq.)
1606 2494 1617 2512 ‚
1644 2470 1709 2502 133
1735 2466 1863 2511 κύματ’
1896 2463 1952 2499 ἐπ’

144 2530 240 2565 ἀιόνι
278 2532 457 2575 πτύοντας
492 2535 522 2574 c)
562 2533 650 2564 XIII
685 2533 730 2564 42
768 2530 829 2564 καὶ
867 2528 1037 2573 εἰλιτενὴς
1071 2529 1260 2574 ἄγρωστις,
1284 2530 1369 2562 XVI
1405 2531 1449 2562 56
1474 2527 1754 2572 περίσπλαγχνος
1777 2524 1953 2568 Λαέρτης,

146 2591 189 2622 76
213 2588 275 2622 ὑπ’
299 2588 407 2633 ἠελίῳ
432 2588 591 2632 δύνοντι,
616 2590 717 2622 XVII
734 2591 776 2622 79
789 2586 961 2633 χθαμαλὰ
970 2586 1159 2630 Αἴγυπτος,
1172 2588 1276 2621 XXII
1303 2589 1370 2620 174
1395 2584 1631 2631 ἀποσχομένω
1656 2582 1822 2627 ὑσμίνης,
1834 2580 1953 2614 XXIV

145 2650 212 2681 110
239 2646 506 2690 Φιλαμμονίδας
529 2646 734 2691 Εὔμολπος,
758 2646 858 2680 XXV
883 2648 928 2680 98
953 2644 1057 2690 σηκοὶ
1081 2645 1121 2680 δὲ
1133 2645 1234 2690 βοῶν
1246 2645 1326 2690 ῥεῖα
1339 2645 1565 2689 πλήσθνησαν.
1582 2654 1673 2687 quae
1687 2653 1729 2675 ex
1753 2637 1951 2691 vocabulis,

143 2706 273 2749 quibus
298 2704 510 2737 Theocritus
525 2716 648 2738 versus
667 2705 880 2748 spondiacos
903 2704 1003 2738 finire
1028 2704 1130 2747 solet,
1145 2706 1250 2738 etiam
1263 2704 1338 2747 alii,
1355 2705 1393 2736 in
1405 2704 1526 2747 primis
1544 2703 1606 2746 qui
1623 2703 1705 2734 ante
1722 2697 1950 2731 Theocritum
1968 2732 1973 2734 >

141 2764 297 2806 fuerunt,
321 2765 450 2806 poetae
475 2763 599 2796 eodem
624 2763 728 2796 modo
754 2751 960 2806 usurparint
984 2773 1147 2807 quaeque
1172 2763 1269 2796 solus
1293 2762 1513 2801 Theocritus,
1537 2760 1561 2793 h
1596 2759 1620 2794 l.
1639 2766 1812 2801 exp01.1⁴³¹’e
1830 2760 1959 2797 8ΠΡΘΙΨ
2005 2759 2051 2810 ‚5'3

143 2823 265 2858 sedere
281 2832 387 2865 posse
403 2821 490 2854 mihi
507 2821 641 2863 videor,
668 2832 748 2854 cum
774 2832 816 2854 ex
840 2821 1035 2854 Ludwichii
1053 2821 1155 2863 libro,
1179 2821 1242 2854 ubi
1258 2832 1291 2863 p.
1309 2822 1355 2854 46
1372 2831 1449 2863 sqq.-
1473 2820 1593 2853 omnia
1616 2814 1803 2855 vocabula,
1820 2812 1950 2857 quibus

142 2880 238 2923 apud
256 2879 473 2913 Graecorum
490 2882 615 2921 poetas
638 2889 763 2911 versus
780 2877 1075 2918 σπονδειάζοντες
1092 2880 1335 2921 terminantur,
1350 2889 1412 2921 per
1427 2878 1563 2911 litteras
1580 2876 1718 2918 digesta
1740 2869 1951 2911 referuntur,
1971 2894 1973 2896 -

2023 2931 2035 2947 θ

141 2937 311 2971 facillime
336 2937 374 2969 id
397 2937 511 2980 possit
534 2937 713 2979 cognosci.
