2051 3341
98 119 152 158 42

98 248 170 286 illo
192 247 435 287 Theocriteo
457 248 579 286 etiam
610 246 652 286 id
681 248 850 286 fortasse
872 245 1167 298 respiciendum
1190 251 1261 293 est,
1296 248 1525 297 pronomini
1554 248 1698 298 ‘elgibi
1717 235 1922 288 maiorem!
2001 232 2051 321 ἑ

99 317 301 368 quandam
331 318 414 354 vim
450 316 586 363 tribui,
629 321 674 353 ut
715 315 823 353 idem
866 315 950 353 fere
980 315 1128 362 valeat,
1162 313 1267 365 quod
1298 319 1475 352 nostrum
1516 317 1631 356 ‘auch
1662 330 1738 355 nur
1767 315 1908 369 irg'end
2033 317 2051 349 ε

100 383 244 425 einer'.
290 385 564 425 enclitiearum
593 385 696 433 vice,
734 383 804 423 ubi
836 383 886 423 de
917 384 1091 423 caesuris
1122 384 1266 435 agitur,
1310 384 1430 436 etiam
1459 385 1559 439 γάρ,
1587 386 1683 439 μέν,
1713 386 1763 428 δέ
1790 388 1911 440 parti-
2037 435 2040 437 -

105 456 222 495 culae
251 457 474 507 funguntur
486 452 530 508 1).
2028 461 2051 486 ν’

224 525 417 565 Similiter
448 529 569 575 atque
599 522 639 561 iu
673 522 870 562 encliticis
900 535 964 562 res
995 535 1038 562 se
1068 521 1192 562 habet
1222 522 1264 561 in
1295 523 1461 572 voculis,
1494 537 1599 576 quae
1620 525 1744 576 vulgo
1764 526 1908 579 procli·
2038 518 2049 532 ⁹

103 597 213 634 ticae
245 594 512 646 adpellantur.
559 606 651 630 nam
688 598 734 630 ut
768 592 863 631 illae
901 605 990 630 cum
1026 591 1376 645 praecedentibus,
1418 593 1475 631 sic
1513 592 1590 631 hae
1620 594 1790 633 voculae
1820 609 1909 634 cum

106 663 409 716 insequentibus
440 661 650 700 vocabulis
681 661 881 700 artissime
913 667 1007 700 sunt
1037 662 1289 700 coniunctae.
1323 661 1430 714 apud
1461 662 1724 701 Theocritum
1745 663 1914 715 quidem

105 735 145 771 in
176 746 256 771 uno
286 737 443 770 tantum
476 744 596 769 versu
629 720 796 784 (XXVI
827 728 902 783 28)
935 736 1029 769 ante
1059 731 1188 783 ipsam
1209 732 1320 769 tertii
1340 732 1456 783 pedis
1478 744 1684 770 caesuram
1711 733 1913 785 particula

101 801 140 842 εἰ
168 801 336 852 legitur3
370 806 431 838 est
462 805 594 838 autem
616 812 770 847 versus,
802 799 872 850 qui
898 812 978 837 una
1010 806 1100 837 cum
1129 812 1366 851 praegresso
1398 800 1625 838 criticorum
1645 800 1810 852 ingenia
1830 801 1911 839 iam

102 870 198 908 satis
220 870 437 908 excercuit.
469 868 538 906 sed
560 868 593 906 si
614 868 656 905 in
677 868 851 906 lectione
871 867 1055 919 Zieglero
1077 867 1395 920 probataverba
1413 867 1511 922 μηδ’
1534 868 1572 909 εἰ
1606 871 1785 921 genuina
1804 876 1912 918 sunt,

99 938 223 977 habet
259 938 327 977 hic
363 950 500 977 versus
544 938 845 976 excusationem
889 936 1131 989 anaphorae,
1177 950 1257 989 quo
1301 938 1417 989 quasi
1454 939 1616 977 vinculo
1655 940 1911 992 coniungitur

99 1021 190 1046 cum
235 1007 520 1055 antecedente:
564 1006 674 1061 μηδ’
707 1008 834 1056 ἄλλος
877 1005 1166 1059 ἀπεχθέμεναι
1196 1007 1402 1062 Διονύσῳ
1429 1005 1435 1059 Ι
1462 1008 1697 1061 φροντίζοι,
1745 1009 1854 1062 μηδ’
1876 1008 1918 1050 εἰ

99 1078 373 1131 χαλεπώτερα
403 1076 531 1117 τῶνδ’
554 1075 777 1130 ἐμόγησεν,
809 1076 970 1115 facilius
1001 1088 1098 1114 sane
1129 1077 1330 1131 scriptura
1359 1076 1457 1130 μηδ’
1480 1076 1519 1117 εἰ
1549 1083 1763 1116 excusatur
1792 1092 1909 1130 quam

101 1147 155 1195 id,
189 1146 296 1198 quod
327 1134 481 1197 recepit
509 1146 736 1183 Fritzsche:
769 1145 1033 1199 φροντίζοιμ’
1057 1144 1094 1184 εἰ
1123 1144 1196 1184 καὶ
1221 1146 1493 1199 χαλεπώτερα
1511 1145 1650 1186 τῶνδε
1668 1143 1914 1201 μογήσαι2).

218 1215 333 1253 Idem
375 1215 473 1262 fere,
519 1213 627 1266 quod
669 1214 720 1252 de
762 1213 993 1265 proclitieis,
1038 1213 1160 1251 etiam
1203 1212 1253 1251 de
1307 1213 1475 1252 vocibus
1536 1215 1740 1254 nonnullis
1802 1214 1911 1253 valet

102 1285 266 1337 proprio
314 1297 410 1322 sono
453 1283 669 1332 instructis,
713 1283 849 1321 velut>
873 1282 922 1321 de
965 1282 1163 1335 particula
1204 1282 1261 1336 μή
1305 1280 1438 1337 (cuius
1482 1282 1651 1322 eandem
1693 1297 1779 1323 esse
1822 1284 1911 1323 con-

2030 1052 2032 1054 ’
2045 1051 2051 1075 1

100 1353 313 1402 dicionem,
353 1367 473 1405 quam
505 1354 674 1392 voculae
705 1353 759 1394 οὐ
788 1353 1045 1405 perspicuum
1076 1351 1170 1407 est),
1213 1353 1262 1391 de
1299 1353 1647 1392 coniunctionibus
1683 1354 1769 1404 καί,
1805 1352 1914 1404 ἐπεί,

99 1423 179 1474 ὅτι,
211 1423 319 1463 ὅκκα
358 1429 465 1470 cett„
505 1435 610 1474 quae
647 1435 735 1461 cum
782 1422 891 1460 solae
927 1427 1033 1460 stare
1069 1427 1285 1474 nequeant,
1333 1434 1492 1475 semper
1528 1436 1615 1461 eum
1653 1419 1914 1475 sequentibus

99 1498 183 1530 arte
222 1492 456 1540 cohaerent;
505 1490 646 1530 eodem
689 1490 808 1530 modo
852 1497 1095 1542 usurpantur
1138 1492 1379 1543 pronomina
1413 1491 1597 1530 relativa.
1646 1504 1778 1543 neque
1808 1492 1913 1530 inter

100 1561 424 1613 praepositiones
467 1566 509 1599 et
544 1559 812 1612 substantiva,
852 1559 1332 1612 quibuscum-copulatae
1362 1565 1467 1609 sunt,
1512 1559 1621 1612 apud
1652 1560 1913 1599 Theocritum

101 1636 276 1669 statuere
306 1630 402 1669 licet
436 1643 633 1679 caesuras,
668 1643 910 1682 quamquam
938 1630 1070 1668 minus
1096 1635 1183 1669 arta
1204 1635 1266 1668 est
1287 1630 1527 1677 coniunctio,
1546 1631 1593 1679 ‚si
1613 1630 1912 1683 praepositione

106 1699 353 1738 adiectivum
385 1713 410 1737 a
439 1700 690 1739 substantivo
722 1713 793 1738 suo
824 1705 1046 1751 separatur.
1090 1700 1131 1737 in
1162 1699 1332 1737 Homeri
1363 1698 1526 1751 quidem
1557 1699 1811 1748 carminibus,
1843 1699 1911 1738 ubi

100 1770 290 1821 leguntur
321 1768 556 1807 eiusmodi
600 1781 752 1817 versus,
798 1768 928 1820 qualis
959 1773 1019 1807 est
1055 1769 1097 1809 A
1128 1768 1181 1807 53
1228 1766 1419 1823 ἐννῆμαρ
1461 1767 1541 1822 μὲν
1582 1767 1674 1809 ἀνὰ·
1687 1766 1704 1823 ΙΙ
1726 1768 1913 1823 στρατὸν

100 1840 232 1893 ᾤχετο
262 1840 371 1891 κῆλα
399 1840 526 1879 θεοῖο
552 1837 619 1876 vel
646 1840 685 1878 Y
701 1838 753 1876 35
783 1838 995 1891 Ἑρμείας,
1013 1837 1075 1885 ’ὃς
1104 1836 1175 1877 ἐπὶ
1196 1834 1211 1890 ΙΙ
1235 1837 1363 1891 φρεσὶ
1383 1838 1667 1892 πευκαλίμῃσι
1696 1837 1915 1889 κέκασται,

101 1908 222 1945 etiam
253 1907 360 1945 inter
379 1907 701 1958 praepositiones
733 1913 773 1944 et
802 1906 1053 1944 substantiva
1075 1919 1165 1943 cum
1187 1906 1245 1944 eis
1267 1906 1454 1957 copulata
1475 1918 1660 1944 caesuras
1681 1906 1915 1944 statuendas

99 1988 186 2014 esse
217 1980 532 2014 consentaneum
563 1981 623 2013 est
636 1974 685 2029 ³).
723 1966 839 2027 ¹apud
861 1974 1123 2014 Theocritum
1155 1980 1289 2013 autem
1319 1975 1467 2013 frustra
1498 1974 1583 2013 eius
1616 1973 1723 2013 modi
1753 1988 1911 2014 versum

99 2037 363 2097 quaesiveris.
408 2057 489 2097 qua
525 2043 576 2083 de
612 2057 734 2083 causa
775 2057 907 2097 neque
937 2043 1175 2083 bucolicam
1218 2057 1425 2083 caesuram
1469 2043 1577 2097 apud
1613 2044 1722 2083 hunc
1750 2050 1911 2097 poetam

100 2115 142 2152 in
186 2113 308 2152 simili
339 2114 551 2153 verborum
593 2127 750 2153 conexu
788 2113 1040 2163 statuendam
1080 2127 1166 2153 esse
1203 2127 1361 2162 censeo,
1400 2113 1513 2152 velut
1549 2128 1588 2153 v.
1620 2114 1643 2153 I
1674 2117 1725 2154 91
1764 2113 1914 2155 τάκεαι
1965 2106 1968 2109 ’

100 2182 355 2237 ὀφθαλμώς,
393 2183 466 2223 ὅτι
503 2182 557 2223 οὐ
593 2182 698 2236 μετὰ
734 2184 850 2224 ταῖσι
891 2184 1099 2237 χορεύεις,
1140 2183 1210 2222 ubi
1240 2189 1333 2235 post
1365 2183 1494 2235 quinti
1529 2183 1653 2236 pedis
1682 2183 1913 2222 trochaeum

102 2252 237 2304 potius
270 2253 380 2299 vocis
411 2252 655 2291 intermissio
686 2245 856 2290 sentitur
870 2251 921 2301 ⁴).
1457 2262 1460 2264 “

216 2320 380 2359 Deinde
423 2321 638 2359 articulum
681 2334 843 2372 quoque
884 2326 965 2358 tam
1005 2326 1090 2358 arto
1121 2320 1284 2358 vinculo
1317 2333 1407 2358 cum
1438 2319 1688 2358 substantivo
1719 2331 1791 2360 suo
1822 2333 1912 2359 con-

100 2391 282 2428 iunctum
314 2402 415 2438 esse,
461 2394 506 2427 ut
535 2389 578 2427 in
608 2390 842 2428 universum
872 2394 1049 2440 nequeat
1079 2388 1128 2427 ab
1162 2392 1209 2427 eo
1240 2401 1405 2440 caesura
1436 2389 1627 2441 separari,
1659 2390 1801 2440 negari
1833 2403 1914 2429 non

97 2465 232 2511 potest
247 2456 296 2512 5).
340 2459 383 2496 in
421 2458 604 2497 versibus
646 2463 781 2496 autem
812 2457 880 2495 III
926 2461 946 2496 l
981 2457 1212 2510 ’Κωμάσὸω
1249 2457 1354 2498 ’ποτὶ
1396 2457 1477 2498 τὰν
1507 2458 1802 2512 Ἀμαρυλλίὸα,
1844 2459 1914 2499 ταὶ

220 2619 244 2661 ¹)
271 2618 325 2652 cf.
350 2619 443 2651 infra
467 2630 501 2661 p.
527 2620 570 2652 51
597 2630 662 2662 sq.‚
687 2620 743 2652 62.

215 2676 244 2718 ²)
272 2675 324 2709 cf.
350 2686 443 2719 quae
468 2677 616 2720 exposui
641 2677 686 2710 de
710 2677 887 2720 particula
911 2675 975 2709 καί
996 2687 1031 2720 p.
1057 2678 1114 2710 26.

216 2734 242 2777 ³)
270 2733 324 2767 Cf.
349 2733 552 2767 Hoffmann.
581 2735 605 2768 1.
630 2745 660 2767 c.
688 2746 722 2778 p.
748 2736 769 2767 8
793 2745 844 2777 sq.
868 2734 910 2767 A.
932 2734 1145 2767 Rossbachii
1170 2737 1205 2767 et
1227 2733 1271 2767 R.
1287 2733 1503 2801 Westphalii
1528 2733 1673 2766 ‘Metrik
1697 2733 1760 2767 der
1784 2734 1915 2777 griech

100 2793 260 2825 Dramat.
284 2802 320 2825 ιι.
346 2790 465 2835 Lyr.²
489 2792 527 2824 11
552 2786 585 2834 p.
611 2793 690 2834 335,
715 2791 796 2825 adn.

216 2849 246 2895 ⁴)
273 2850 325 2884 cf.
351 2853 493 2893 praeter
528 2850 624 2883 hunc
647 2860 803 2883 versum:
842 2852 879 2892 a)
906 2849 923 2881 1
948 2850 1086 2891 5431V
1111 2851 1174 2892 29,
1199 2849 1268 2883 VII
1293 2850 1436 2892 47,64,
1464 2851 1547 2891 149,
1573 2849 1625 2881 XI
1650 2850 1708 2916 43,
1735 2849 1773 2890 b)
1799 2850 1835 2882 11
1860 2851 1915 2883 23

97 2909 166 2941 XV
192 2911 275 2952 1303
301 2911 331 2951 c)
357 2909 446 2942 XIII
473 2910 532 2950 16,
558 2908 660 2940 XXV
685 2910 719 2951 2,
744 2909 824 2950 148,
847 2909 928 2941 218.

216 2968 243 3009 ⁵)
270 2966 323 3000 cf.
348 2966 547 3000 Rossbach.
574 2970 609 2999 et
636 2966 830 3008 Westphal.
856 2966 878 2998 l.
905 2977 935 2999 c.
