2051 3336
629 830 938 899 CAPUT
975 785 1437 898 ALTERUM.

846 952 919 1008 De
954 952 1193 1008 caesuris.

238 1077 389 1118 Versus
409 1078 607 1128 heroicus,
631 1093 718 1119 cum
739 1080 899 1132 longior
929 1081 993 1130 sit,
1027 1092 1147 1133 quam
1178 1082 1248 1133 qui
1278 1081 1395 1119 unius
1425 1079 1576 1118 ordinis
1596 1079 1752 1118 metrici
1772 1078 1919 1118 finibus

120 1148 247 1199 possit
277 1148 486 1196 contineri,
519 1149 691 1188 caesuris
722 1150 762 1188 in
794 1155 928 1201 partes
959 1149 1164 1189 dividatur
1193 1163 1356 1189 necesse
1388 1155 1461 1189 est.
1499 1155 1621 1201 atque
1650 1148 1793 1201 poetis,
1833 1160 1921 1186 cum

118 1229 307 1257 caesuras
337 1217 402 1257 vel
433 1218 526 1271 plus
557 1232 675 1272 quam
708 1219 962 1273 dactylorum
992 1225 1033 1259 et
1062 1219 1330 1273 spondeorum
1362 1217 1684 1258 distributionem
1716 1216 1768 1256 ad
1797 1223 1919 1256 totam

49 1336 53 1340 ¹
121 1286 346 1326 hexametri
388 1293 571 1327 naturam
613 1289 901 1328 immutandam
941 1282 1080 1329 valere
1121 1290 1318 1338 viderent,
1361 1289 1580 1342 praecipue
1629 1287 1672 1327 id
1716 1286 1915 1340 agendum

118 1361 220 1404 erat,
259 1362 305 1395 ut
342 1357 542 1396 divisione
587 1358 659 1397 illa
689 1358 794 1398 facta
836 1371 1006 1398 sonorae
1041 1359 1226 1411 singulae
1260 1358 1574 1410 uniuscuiusque
1605 1370 1743 1396 versus
1786 1362 1921 1410 partes

55 1442 56 1445 ¹
117 1425 352 1466 evaderent.
385 1427 441 1466 de
471 1427 670 1476 sedibus
700 1434 834 1468 autem
865 1429 1156 1468 incisionum
1186 1429 1227 1467 in
1248 1428 1388 1480 primis
1415 1426 1633 1466 tenendum
1665 1439 1753 1465 esse
1774 1438 1917 1464 censeo

37 1481 45 1496 ἱ

123 1493 179 1533 ibi
209 1500 363 1534 tantum
395 1508 463 1534 eas
492 1509 611 1548 posse
641 1497 775 1546 statui,
806 1496 876 1536 ubi
907 1496 1146 1544 vocabulum
1168 1496 1332 1548 aliquod
1361 1496 1524 1534 finiatur
1535 1495 1581 1549 ¹).
1613 1494 1685 1533 sed
1706 1500 1751 1533 ut
1773 1501 1920 1533 natura

121 1575 389 1616 caesurarum,
422 1557 472 1603 de
504 1565 648 1617 quibus
676 1565 803 1605 verba
830 1567 1009 1605 facturus
1039 1580 1140 1615 sum,
1183 1572 1291 1606 recte
1317 1566 1449 1618 possit
1485 1565 1684 1616 cognosci,
1728 1565 1916 1612 rationes,

119 1630 268 1685 quibus
297 1632 439 1673 ductus
481 1634 556 1673 sim
591 1635 634 1673 in
671 1634 752 1674 illis
790 1634 1026 1689 statuendis,
1067 1641 1113 1673 ut
1148 1636 1270 1674 etiam
1301 1634 1526 1673 accuratius
1558 1646 1772 1685 exponam,
1818 1646 1919 1685 opus

121 1719 210 1746 esse
241 1709 437 1747 existimo.
469 1709 723 1761 nequaquam
744 1711 852 1748 enim
880 1710 1032 1761 ubique
1061 1716 1153 1761 post
1182 1709 1371 1753 vocabuli
1390 1709 1512 1749 finem
1532 1721 1739 1748 caesuram
1762 1716 1921 1758 quoque

122 1781 222 1828 puto
252 1789 340 1816 esse
369 1777 635 1828 statuendam,
666 1778 788 1818 immo
820 1777 929 1818 haud
958 1792 1049 1818 raro
1069 1791 1191 1819 voces
1211 1777 1332 1818 binae
1352 1777 1422 1817 vel
1442 1778 1579 1830 plures
1600 1778 1659 1817 ita
1680 1776 1921 1817 coniunctae

118 1841 228 1894 sunt,
258 1850 305 1883 ut
335 1845 451 1884 nulla
478 1847 584 1884 inter
613 1860 681 1885 eas
711 1848 855 1885 incisio
886 1849 1094 1887 sentiatur.

238 1914 301 1953 Ac
330 1916 502 1968 primum
534 1916 697 1969 quidem
728 1917 899 1958 voculae
931 1917 1144 1958 encliticae
1173 1922 1256 1957 tam
1289 1922 1375 1959 arte
1406 1929 1494 1956 cum
1526 1914 1773 1969 praegressis
1804 1925 1920 1952 voca-

118 1981 224 2021 bulis
266 1982 495 2034 cohaerent,
532 1990 579 2024 ut
614 1998 781 2026 caesura
820 1992 916 2044 ante
954 1986 1045 2025 illas
1084 1988 1206 2025 statui
1246 1992 1433 2043 nequeat,
1476 1984 1518 2023 id
1559 1984 1667 2036 quod
1708 1997 1797 2021 cum
1833 1983 1923 2020 aliis

122 2051 243 2091 rebus
262 2058 348 2092 tum
381 2067 429 2093 eo
453 2055 747 2108 comprobatur,
780 2057 886 2109 quod
908 2070 1116 2098 caesuram
1140 2057 1272 2109 quarti
1301 2055 1417 2109 pedis
1446 2053 1704 2102 trochaicam,
1735 2065 1839 2105 quae
1870 2050 1921 2091 ab

122 2121 308 2161 omnibus
338 2121 646 2180 diligentissime
676 2126 804 2164 vitata
832 2131 893 2165 est
912 2126 1054 2178 poetis,
1084 2126 1321 2178 saepissime
1341 2125 1551 2165 encliticae
1571 2128 1778 2171 secuntur3
1810 2123 1922 2160 cuius

120 2191 181 2229 rei
224 2192 413 2244 exempla
454 2206 505 2232 ex
536 2193 754 2237 Theocrito
791 2196 920 2247 petita
950 2195 1055 2234 infra
1085 2200 1147 2234 sat
1176 2195 1303 2233 multa
1333 2193 1523 2233 adferam.
1569 2193 1610 2231 in
1654 2205 1735 2230 uno
1767 2196 1921 2229 tantum

115 2272 237 2298 versu
266 2259 398 2312 legem
426 2261 538 2300 illam
566 2263 757 2315 migravit
772 2264 1026 2312 Theocritus,
1050 2263 1138 2302 dico
1152 2264 1257 2302 XIV
1271 2265 1325 2302 48
1340 2264 1475 2316 ἄμμες
1495 2262 1533 2302 δ’
1549 2263 1650 2302 οὔτε
1669 2262 1784 2314 λόγω
1805 2259 1924 2307 τινὸς

114 2325 231 2379 ἄξιοι
260 2331 350 2371 οὔτ’
370 2330 615 2386 ἀρικθμητοί.
662 2347 740 2385 quo
770 2333 811 2372 in
848 2347 970 2372 versu
1004 2347 1086 2372 non
1125 2338 1185 2372 est
1215 2331 1510 2385 neglegendum
1547 2330 1772 2370 encliticam
1803 2329 1924 2377 τινός

117 2390 281 2451 propter
299 2401 541 2441 antecedens
560 2399 1040 2458 παροξύτονονιριοριίο
1068 2415 1166 2442 sono
1188 2415 1275 2442 esse
1295 2401 1532 2457 praeditam.
1564 2400 1640 2439 hoc
1659 2399 1776 2438 modo
1799 2400 1919 2437 etiam

114 2460 263 2507 vocula
291 2469 397 2510 ποτέ
426 2483 452 2508 a
470 2471 739 2522 praecedente
758 2472 957 2511 vocabulo
979 2472 1118 2511 eadem
1149 2485 1314 2510 caesura
1340 2471 1562 2523 seiungitur
1583 2469 1689 2522 apud
1713 2468 1919 2526 Moschum

116 2537 184 2576 111
216 2539 267 2576 16
299 2537 399 2579 οἵαν
427 2538 650 2593 ὑμετέροις
683 2528 787 2581 ιέοτὲ
823 2540 1005 2593 χείλεσσι
1040 2546 1181 2595 γῆρυν
1211 2541 1367 2581 ἄειδεν.
1418 2540 1539 2592 paulo
1583 2539 1742 2590 saepius
1774 2537 1922 2575 similia

115 2606 362 2646 admiserunt
391 2608 559 2646 Nonnus
600 2609 750 2660 aliique
786 2614 1009 2660 temporum
1048 2610 1283 2648 inferiorum
1313 2607 1518 2662 poetae2).
1562 2609 1603 2646 in
1636 2621 1756 2646 versu
1788 2613 1922 2645 autem

234 2744 260 2789 ¹)
276 2744 413 2789 Aliam,
449 2744 513 2779 sed
542 2744 638 2782 haud
666 2745 892 2788 probabilem
910 2734 1124 2778 sententiam
1160 2744 1306 2787 protulit
1336 2744 1450 2778 Lehrs
1482 2744 1540 2778 ‘de
1564 2745 1670 2778 Arist.
1701 2735 1791 2779 stud
1818 2746 1923 2778 Hom.

115 2802 249 2837 editII
265 2803 519 2849 (Lips.1865)',
542 2816 575 2848 p.
589 2804 669 2848 409,
693 2804 757 2838 ubi
782 2804 888 2837 etiam
914 2804 991 2836 eius
1016 2803 1113 2836 modi
1136 2813 1275 2844 versuS,
1298 2789 1416 2845 qualis
1441 2807 1495 2853 est
1509 2801 1681 2846 Διογένες
1704 2801 1925 2847 Λαερτιάδη,

2 2881 9 2891 ‹
115 2860 338 2907 πολυμήχαν’
364 2860 552 2906 Ὀδυσσεῦ,
586 2864 624 2896 in
659 2863 762 2924 tertio
800 2861 892 2913 pede
928 2871 1113 2897 caesuram
1148 2849 1280 2896 habere
1316 2860 1403 2895 dicit
1426 2871 1576 2905 eamque
1601 2861 1680 2895 sola
1703 2869 1791 2895 voce
1816 2862 1924 2905 signi

18 2942 24 2946 -
115 2913 293 2953 ficandam
319 2931 407 2954 esse.

62 2971 65 2973 μ
234 2975 264 3022 ²)
286 2977 420 3023 Locos,
444 2980 505 3022 qui
533 2979 603 3013 hac
629 2980 667 3012 in
684 2989 721 3012 re
736 2979 774 3012 in
791 2989 935 3012 censum
952 2979 1110 3021 veniunt,
1135 2978 1314 3020 congessit
1330 2977 1462 3011 Giseke
1479 2978 1635 3011 ‘Romen
1648 2977 1806 3011 Forsch.'
1819 2989 1853 3021 p.
1867 2967 1925 3011 58.
