2051 3336
1843 67 1904 106 27

67 190 267 252 οὶΧἯ
288 196 341 235 65
373 196 576 250 ἄργυρος,
606 195 691 237 αἰεὶ
710 195 773 246 δέ,
802 195 932 233 ΧΧΠ
950 184 1034 232 ’211
1067 195 1312 248 μάρμαρον,
1342 193 1477 234 αὐτὸν
1498 194 1558 234 δέ.
1592 193 1789 232 interdum
1823 194 1911 231 alia

0 253 47 308 ⁴⁵:³1⁷-
82 259 259 317 vquoque
287 264 484 303 vocabula
526 279 615 304 cum
645 265 893 317 praegressis
931 263 1078 302 artiore
1122 263 1283 301 vinculo
1326 264 1539 301 coniuncta
1575 262 1692 315 pedis
1735 263 1905 301 alterius

52 352 69 390 ss
97 332 321 387 spondeum
364 335 569 386 excipiunt
608 335 933 387 interpunctione
973 332 1085 371 haud
1126 346 1215 371 raro
1260 332 1318 385 (in
1362 333 1502 384 primis
1545 333 1586 370 in
1632 346 1688 373 cc.
1721 333 1828 371 mim.
1863 338 1903 370 et

88 390 238 455 epicis)
269 403 533 455 praecedente
563 405 629 443 vel
666 404 947 456 subsequente,
987 403 1099 442 velut
1136 401 1176 456 a)
1207 403 1228 441 I
1262 405 1313 441 13
1354 401 1412 451 ὡς
1446 402 1496 442 τὸ
1533 403 1738 450 κάταντες
1773 408 1911 442 τοῦτο

29 490 31 492 ·
78 469 323 526 ’γεώλοφον
334 469 374 525 ¹).
406 473 610 526 aliquanto
629 474 762 513 laxior
792 479 853 512 est
873 486 1049 512 conexus
1080 486 1235 521 vocum,
1270 485 1373 523 quae
1403 472 1445 509 in
1474 485 1529 519 re,
1563 470 1613 510 de
1645 485 1723 523 qua
1755 472 1905 522 agitur,

6 530 32 543 ”’
96 541 139 579 in
175 554 340 581 censum
388 543 569 590 veniunt,
621 543 732 581 hisce
780 543 821 581 in
875 543 1078 580 versibus:
1128 540 1166 585 b)
1208 541 1252 579 Π
1290 543 1345 580 40
1392 540 1480 581 ἀλλ’
1518 539 1589 581 ἐπὶ
1630 541 1743 595 τήνῳ
1785 544 1904 579 πᾶσα

95 602 373 664 καταύθομαι,
411 608 446 664 c)
476 610 580 649 XVI
613 612 664 649 16
696 615 787 659 πᾶς’
810 610 847 652 δ’
868 610 954 651 ὑπὸ
984 611 1129 666 κόλπῳ
1159 616 1303 663 χεῖρας
1333 608 1459 662 ἔχων,
1492 611 1542 648 21
1578 607 1707 658 οὗτος
1738 608 1907 649 ἀοιδῶν

0 676 6 687 ³
29 698 48 706 -’
94 678 270 731 λῶστος,
299 681 429 719 XXII
455 682 534 719 178
550 679 623 728 εἷς·
645 680 752 734 ἄτὰρ
784 682 904 721 ἄλλοι
918 681 1084 729 πάντας
1103 679 1437 734 ἐυφρανέουσιν,
1461 682 1544 718 214
1564 680 1732 733 χαίρετε
1754 677 1906 731 Λήδας

0 754 14 775 “’
65 804 67 806 ¹
95 750 239 800 τέκνα,
252 749 377 787 XXV
405 751 457 787 22
474 748 594 802 ἱερὸν
607 748 744 801 ἁγνὸν
757 747 878 797 ξεῖνε.
895 749 1020 786 sedin
1041 749 1104 786 his
1125 749 1369 790 hexametris
1392 748 1575 786 omnibus
1597 750 1637 785 in
1661 749 1757 786 sede
1771 749 1903 799 prima

2 838 24 860 ar
98 824 208 858 extat
229 817 415 869 dactylus
437 831 568 868 neque
588 818 714 855 ullum
734 818 875 855 inveni
888 819 930 855 in
952 818 1170 856 Theocrito
1192 832 1353 856 versum
1372 819 1431 858 ita
1451 824 1735 869 comparatum,
1768 817 1904 868 qualis

97 893 159 926 est
178 886 298 925 Hom.
331 888 385 926 H
409 887 489 924 231
522 886 643 939 ἡμεῖς
673 886 710 926 δ’
724 885 842 938 εἰμὲν
871 891 998 935 τοῖοι,
1021 886 1065 925 οἲ
1100 885 1155 925 ἂν
1194 886 1324 925 σέθεν
1355 885 1633 938 ἀντιάσαιμεν
1664 887 1729 924 vel
1760 901 1786 926 κ
1816 886 1899 923 435

0 948 3 949 ’
33 963 38 966 “
85 955 242 1013 ὥσπερ
263 954 454 1003 Κύκλωψ
467 952 566 1008 ἔρξ’,
585 954 655 994 ὅτε
669 953 711 994 οἱ
730 953 975 1006 μέσσαυλον
989 953 1148 994 ἵκοντο.
1167 956 1209 991 in
1217 953 1401 991 versibus
1416 952 1460 993 X
1479 958 1495 991 1
1505 956 1528 992 3
1544 953 1592 994 ἐκ
1604 955 1723 993 πίθω
1738 953 1906 1001 ἀντλεῑς

96 1023 253 1077 δῆλον.
270 1054 280 1064 .
297 1053 307 1064 .
342 1028 381 1061 et
409 1022 491 1061 XV
513 1023 566 1061 77
584 1022 781 1062 κάλλιστ’·
804 1020 924 1062 ἔνδοι
954 1026 1099 1062 πᾶσαι.
1135 1052 1145 1061 .
1169 1052 1178 1061 .
1204 1052 1213 1061 .
1245 1021 1486 1060 Theocritus
1519 1021 1569 1059 ad
1600 1021 1901 1073 proverbiorum

36 1125 39 1127 ,
98 1092 290 1131 formulas
312 1091 439 1131 verba
459 1091 727 1130 conformasse
748 1089 920 1138 videtur,
943 1090 1050 1128 unde
1067 1089 1219 1127 habent
1242 1090 1283 1128 hi
1304 1090 1394 1138 loci,
1419 1103 1497 1142 quo
1521 1096 1774 1129 excusentur.
1798 1091 1904 1128 male

25 1165 29 1167 ’
98 1167 233 1202 autem
265 1160 397 1200 editur
426 1162 457 1199 a‘
493 1161 676 1212 Zieglero
708 1173 747 1197 v.
791 1159 874 1198 VH
905 1162 972 1207 24,
1016 1158 1086 1197 ubi
1116 1159 1187 1197 ille
1225 1159 1364 1198 scribit
1392 1156 1418 1213 ἧ
1449 1159 1554 1213 μετὰ
1591 1159 1716 1200 δαῖτα
1732 1159 1913 1213 κκλητὸς-

98 1229 305 1284 ἑπείγεαι;
323 1231 352 1282 ’ἤ
380 1243 499 1278 τινος
529 1228 685 1279 ἀστῶν,
716 1228 766 1267 de
787 1241 865 1280 quo
897 1241 1018 1267 versu
1038 1229 1154 1276 infra,
1179 1242 1268 1267 cum
1290 1228 1340 1266 de
1357 1227 1548 1267 brevibus
1580 1228 1787 1267 vocalibus
1810 1234 1907 1266 ante

23 1335 32 1339 -
97 1304 246 1338 mutam
277 1312 364 1337 cum
395 1297 552 1349 liquida
581 1297 785 1349 productis
817 1311 995 1348 agemus,
1027 1297 1154 1335 verba
1184 1298 1300 1336 nobis
1331 1297 1520 1335 facienda
1551 1304 1678 1335 erunt.

216 1367 272 1406 In
321 1367 472 1406 tertio
522 1366 644 1419 pede
687 1366 890 1419 spondei
934 1380 1065 1415 usus,
1111 1380 1199 1404 cum
1243 1368 1323 1405 iam
1368 1366 1476 1419 apud
1518 1366 1738 1405 Homerum
1772 1367 1905 1405 multo

102 1436 315 1476 artioribus
345 1436 491 1474 finibus
524 1450 642 1487 quam
674 1436 716 1473 in
748 1436 889 1473 ceteris
919 1435 1081 1473 sedibus
1104 1437 1246 1486 quinta
1277 1444 1447 1487 excepta
1478 1436 1530 1473 sit
1562 1436 1902 1487 circumscriptus,

98 1505 205 1557 apud
235 1510 373 1556 poetas
404 1504 546 1542 aetatis
577 1504 777 1541 inferioris
805 1510 865 1542 est
886 1505 1007 1541 etiam
1028 1505 1170 1543 rarior.
1204 1518 1324 1554 quam
1346 1518 1430 1542 rem
1452 1505 1682 1555 frequentia
1703 1517 1899 1542 caesurae

96 1574 206 1614 tertii
247 1572 363 1626 pedis
406 1572 633 1612 trochaicae
673 1572 802 1625 magis
837 1572 1046 1625 magisque
1088 1578 1204 1611 aucta
1236 1571 1518 1624 explicandam
1553 1585 1639 1612 esse
1670 1585 1788 1611 nemo
1820 1585 1902 1611 non

100 1642 225 1681 videt.
252 1648 373 1695 atque
395 1643 501 1694 apud
523 1642 654 1694 ipsum
675 1642 936 1680 Theocritum
957 1643 999 1679 in
1022 1655 1069 1680 eo
1092 1643 1312 1679 carminum
1333 1656 1495 1693 genere,
1528 1644 1569 1680 in
1600 1656 1679 1694 quo
1710 1643 1910 1680 latissime

95 1718 209 1763 patet
239 1699 427 1751 caesurae
461 1713 771 1769 sequuinariae
812 1726 921 1759 usuS,
968 1713 1089 1750 etiam
1127 1726 1266 1750 versus
1305 1714 1346 1750 in
1390 1712 1485 1751 sede
1521 1714 1639 1751 tertia
1679 1712 1901 1764 spondeum

101 1779 338 1820 exhibentes
359 1786 451 1820 sunt
470 1776 795 1833 frequentissimi.
826 1779 918 1833 plus
940 1779 1148 1818 dimidium
1171 1781 1276 1819 enim
1299 1778 1487 1836 (CCVII)
1511 1782 1700 1829 omnium,
1734 1781 1803 1833 qui
1824 1780 1909 1819 huc

1 1884 7 1892 ,
36 1844 38 1846 ’
98 1850 313 1902 pertinent,
335 1863 523 1889 versuum
545 1848 786 1901 (COOOIII)
808 1851 850 1887 in
871 1849 1035 1902 edylliis
1058 1856 1169 1887 extat
1192 1850 1336 1899 bucol„
1365 1850 1435 1888 ubi
1457 1852 1576 1888 etiam
1599 1864 1765 1889 caesura
1786 1852 1907 1889 semi-⁷

104 1920 288 1972 quinaria
316 1921 441 1958 multo
467 1920 716 1972 frequentior
746 1926 806 1958 est
836 1934 954 1971 quam
977 1920 1017 1957 in
1049 1920 1291 1958 carminibus
1313 1921 1483 1959 mimicis
1516 1927 1555 1958 et
1577 1922 1713 1972 epicis.
1748 1927 1787 1958 et
1809 1934 1897 1958 cum

103 1990 145 2028 in
174 1990 406 2028 universum
437 2002 640 2028 caesuram
673 1989 998 2040 semiquinariam
1030 1989 1190 2041 saepius
1230 2003 1347 2041 quam
1374 1989 1616 2028 trochaicam
1648 1989 1761 2041 pedis
1792 1990 1901 2028 tertii

98 2057 205 2111 apud
236 2057 495 2111 Theocritum
539 2058 718 2111 sequitur
759 2058 901 2096 incisio
944 2058 1138 2105 bucolica,
1181 2065 1277 2107 tum,
1322 2060 1356 2097 si
1392 2060 1520 2097 forma
1555 2059 1671 2111 pedis
1702 2059 1811 2096 tertii
1843 2066 1907 2097 est

81 2127 329 2178 ‘spondiaca,
359 2141 449 2165 raro
482 2141 645 2164 caesura
676 2134 766 2177 post
796 2127 937 2178 pedem
971 2134 1155 2178 quartum
1183 2130 1424 2178 neglegitur.
1457 2130 1563 2166 idem
1590 2130 1632 2166 in
1655 2129 1905 2167 Callimacho

98 2210 257 2249 quoque
307 2195 538 2236 observavit
579 2193 754 2249 Heep2).
806 2195 973 2248 adparet
1022 2196 1184 2248 quidem
1239 2211 1400 2250 operam
1451 2196 1610 2237 dedisse
1654 2203 1808 2250 poetas,
1860 2203 1904 2236 ut

96 2265 287 2313 numeris,
321 2265 389 2318 qui
419 2265 527 2302 tertii
557 2264 674 2317 pedis
707 2264 886 2316 spondeo
918 2278 1163 2317 caesui-aque
1195 2266 1430 2313 masculina,
1464 2268 1702 2318 praesertim
1725 2267 1758 2304 si
1781 2268 1905 2303 ctiam

94 2336 246 2386 primus
277 2336 346 2373 vel
376 2336 477 2373 alter
507 2349 578 2385 pes
610 2341 724 2373 erant
753 2336 975 2386 spondiaci‚
1008 2336 1185 2373 duriores
1216 2337 1313 2373 facti
1345 2343 1472 2384 erant,
1505 2337 1800 2375 volubilitatem
1832 2335 1894 2373 ad·

96 2404 219 2443 missa
256 2404 298 2443 in
326 2403 453 2443 altero
483 2403 736 2444 hemistichio
767 2404 962 2445 incisione
998 2403 1179 2444 bucolica
1208 2403 1440 2455 redderent3
1481 2405 1600 2444 simul
1631 2405 1707 2444 hac
1738 2418 1905 2444 caesura

27 2498 30 2500 v
95 2485 284 2511 numerus
329 2472 554 2511 hexametri
602 2473 834 2522 dactylicus,
880 2475 948 2526 qui
992 2475 1276 2525 semiquinaria
1315 2476 1458 2512 transit
1500 2476 1541 2511 in
1586 2476 1905 2525 anapaesticum,

96 2542 332 2581 restituitur.

214 2668 242 2714 ¹)
256 2665 439 2701 Accedunt
453 2677 526 2699 vv:
550 2667 567 2698 I
582 2668 638 2708 21,
652 2667 684 2699 V
696 2669 759 2699 101
776 2682 821 2695 =
834 2668 851 2699 I
866 2670 927 2709 133
942 2669 973 2710 b)
992 2670 1077 2702 XIV
1096 2671 1139 2702 35
1164 2668 1291 2711 ἤλασα,
1306 2668 1439 2701 κᾶλλαν
1451 2665 1573 2707 αὖθις.
1601 2668 1866 2712 ἀνειρύσσασα.
1883 2695 1907 2712 .‚

93 2706 160 2759 XV
186 2727 208 2759 8
237 2725 347 2759 ταῦθ’
372 2723 392 2758 ὁ
417 2723 582 2769 πάραρος
606 2727 723 2768 τῆνος.
750 2721 805 2757 ἐπ’
818 2722 975 2769 ἔσχατα.
992 2752 1012 2770 .,
1038 2729 1082 2761 26
1103 2727 1236 2771 (Gorgo
1247 2728 1268 2771 z)
1285 2724 1408 2771 ἕρπειν
1433 2725 1512 2771 ὥρα
1539 2727 1570 2760 κ’
1597 2726 1903 2772 813'77.(Praxinoa:)

0 2783 18 2805 ³2
37 2816 40 2821 Α
68 2781 239 2829 [ἀεργοῖς
251 2781 332 2816 αἰὲν
355 2779 482 2826 ἑορτά;
511 2785 541 2824 c)
556 2783 626 2815 XII
650 2784 695 2814 34
720 2781 850 2826 ὄλβιος,
875 2778 975 2822 ὅστις
998 2785 1115 2828 παισί,
1138 2786 1242 2817 XVII
1259 2787 1301 2817 97
1327 2784 1503 2818 πάντοθε.
1529 2783 1610 2818 λαοὶ
1634 2785 1667 2817 δ’
1680 2784 1778 2828 ἔργα,
1800 2786 1904 2818 XXII

96 2842 163 2875 170
186 2840 368 2885 nevstsast'·
394 2839 507 2885 ἄμφω
533 2840 566 2874 δ’
578 2839 701 2885 ἄμμιν,
724 2841 824 2874 XXV
838 2843 881 2875 78
908 2837 1088 2898 ᾥγπόποι,
1113 2839 1192 2876 οἷον
1216 2846 1334 2876 τοῦτο.

3 2893 7 2902 ’
211 2898 238 2941 ²)
264 2900 425 2943 Quaestt.
452 2899 589 2931 Gallim.
615 2911 648 2942 p.
675 2901 717 2932 16
744 2911 794 2941 sq.
