2051 3336
90 347 94 355 ,,
123 345 126 347 .
149 303 278 348 nabas
309 305 422 345 hiatu
442 310 645 358 correptas
667 304 877 354 exhibent3
911 309 1056 358 poetae
1086 311 1219 345 autem
1240 305 1485 359 edylliorum
1518 304 1686 356 originis
1714 304 1893 344 incertae

75 389 180 431 non
209 376 337 417 solum
366 374 522 414 nullum
541 374 694 414 hiatum
723 375 781 414 ita
812 379 1088 428 comparatum
1110 374 1367 425 admiserunt,
1400 376 1443 415 in
1476 388 1554 428 quo
1585 373 1747 428 syllaba
1766 374 1889 428 longa

80 440 282 487 *maneret
300 445 472 497 integra,
496 442 567 484 sed
589 444 709 483 etiam
728 443 860 493 huius,
883 444 952 497 qui
973 444 1179 497 legitimus
1201 444 1358 494 dicitur,
1387 445 1522 484 hiatus
1544 458 1660 484 usum
1677 444 1892 484 artioribus

78 516 495 568 ‚circumscripserunt
533 515 734 555 cancellis.
772 516 914 567 longas
950 530 1047 555 vero
1086 515 1246 556 vocales
1286 530 1375 556 cum
1412 516 1674 569 diphthongis
1712 529 1755 571 ᾳ,
1785 530 1827 571 ῃ,
1859 529 1892 572 ῳ

73 576 135 625 -si
173 590 413 638 spectamus,
455 583 580 623 multo
625 585 785 637 saepius
821 585 863 622 in
902 583 1065 636 edylliis
1104 584 1232 624 bucol.
1274 591 1313 623 et
1347 586 1454 624 mim.
1489 600 1606 638 quam
1645 586 1687 624 in
1727 598 1790 637 ep.
1826 597 1895 623 eas

72 647 249 708 J'eorripi
280 668 302 694 e
332 654 493 693 tabellis
523 655 738 707 propositis
769 660 893 706 patet.
1885 658 1887 660 ’

216 723 259 764 Si
295 725 337 763 in
375 723 470 763 sede
506 723 699 774 hiatuum,
738 723 881 776 quibus
919 723 1100 776 syllabae
1138 724 1417 776 corripiuntur,
1450 725 1575 762 oratio
1614 723 1888 776 distinguitur,

0 792 45 845 T
72 781 178 834 ‘uno
218 795 305 833 loco
345 800 513 846 excepto
551 807 707 849 semper
744 794 845 833 illud
880 794 925 833 fit
956 801 1025 833 aut
1055 795 1094 832 in
1137 795 1312 833 caesuris
1351 794 1533 833 bucolica
1564 800 1603 833 et
1633 794 1741 833 tertii
1771 793 1886 846 pedis

1 872 44 915 ζ’
100 862 305 903 trochaica
348 869 417 902 aut
459 863 500 901 in
541 862 646 914 pede
687 864 815 915 primo
852 861 940 916 (vel
982 868 1072 915 post
1108 864 1283 914 priorem
1321 863 1387 901 vel
1423 870 1514 915 post
1557 864 1722 901 alteram
1766 863 1890 902 thesis

0 713 69 751 Μ

0 923 290 990 ΞέῇχῬατῐθῐη).
335 933 631 984 interpungitur
669 934 775 971 enim
812 933 855 970 in
891 933 1077 983 genuinis
1114 932 1320 971 Theocriti
1361 932 1602 971 carminibus
1639 933 1681 971 in
1717 932 1892 971 hiatibus

1 1007 69 1049 2*
87 992 220 1047 ,huius
242 1002 401 1053 generis
429 1002 471 1039 in
498 1002 728 1039 universum
757 1002 937 1040 centiens
958 1001 1188 1049 undeciens,
1220 1002 1261 1039 in
1292 1015 1456 1040 caesura
1483 1002 1613 1040 bucol.
1636 1003 1893 1053 septuagiens

23 1077 39 1107 ’.
57 1065 175 1126 [Βίε.
209 1086 230 1111 e
250 1071 418 1124 reliquis
438 1071 550 1120 locis,
581 1072 649 1123 qui
677 1077 767 1110 sunt
789 1085 953 1110 numero
974 1071 1181 1120 XXXIX,
1206 1071 1398 1111 exhibent
1425 1070 1511 1110 XX
1531 1071 1893 1124 interpunctionem

99 1209 223 1249 thesis
260 1215 427 1262 partem.
465 1211 507 1248 in
543 1223 622 1249 uno
660 1223 780 1249 versu
819 1207 918 1264 (XV
953 1207 994 1265 1)
1032 1210 1232 1263 syllabam
1269 1211 1311 1248 in
1348 1211 1427 1248 fine
1464 1210 1579 1263 pedis
1620 1212 1749 1263 quinti
1780 1212 1892 1250 hiatu

73 1266 323 1332 “correptam
355 1280 535 1332 sequitur
566 1281 854 1332 interpunctio;
890 1279 960 1318 sed
991 1279 1098 1319 hunc
1127 1280 1259 1319 locum
1289 1281 1530 1332 repetitione
1561 1281 1748 1320 vocabuli
1771 1281 1892 1323 ἔνδοι

48 1355 51 1359 '
103 1350 285 1388 excusari
328 1349 409 1388 iam
452 1363 492 1401 p.
536 1350 589 1394 61,
622 1349 882 1390 ostendimus,
926 1349 968 1388 in
1000 1349 1164 1401 edylliis
1196 1350 1360 1401 originis
1392 1349 1539 1389 dubiae
1570 1352 1738 1390 noviens
1770 1352 1890 1390 inter-

99 1418 302 1471 pungitur,
342 1419 517 1471 septiens
554 1425 645 1471 post
679 1419 825 1472 pedem
864 1425 1060 1472 quartum,
1100 1419 1160 1458 bis
1199 1416 1344 1475 (epigr.
1384 1419 1488 1459 VIH
1528 1422 1565 1469 3,
1604 1421 1687 1461 XV
1721 1419 1763 1477 1)
1803 1427 1893 1474 post

66 1494 68 1497 ’
102 1488 270 1528 alteram
299 1488 465 1528 brevem
495 1489 614 1540 primi
644 1488 759 1540 pedis
790 1489 1002 1540 syllabam.

218 1558 335 1608 Quod
369 1572 462 1597 vero
493 1558 544 1597 ad
576 1559 839 1611 frequentiam
869 1559 1061 1607 hiatuum,
1095 1558 1145 1597 de
1169 1558 1313 1610 quibus
1344 1564 1403 1598 est
1434 1559 1631 1611 quaestio,
1663 1560 1704 1598 in
1727 1560 1895 1613 singulis

48 1665 51 1667 ,
94 1627 272 1681 >pedibus
293 1627 460 1677 adtinet,
493 1629 534 1667 in
556 1628 644 1667 aliis
666 1642 803 1668 versus
826 1629 987 1668 sedibus
1009 1628 1128 1667 aliam
1151 1641 1237 1667 esse
1257 1627 1417 1667 tabellis
1448 1630 1665 1681 propositis
1688 1629 1894 1670 docemur.

99 1699 272 1749 primum
310 1698 471 1750 quidem
507 1698 640 1736 locum
677 1698 754 1736 hac
783 1699 825 1736 in
856 1712 899 1737 re
930 1698 1085 1737 obtinet
1123 1698 1248 1736 altera
1278 1712 1370 1750 pars
1410 1698 1534 1738 thesis
1566 1705 1747 1751 quartae,
1780 1714 1893 1752 prae-

75 1768 239 1806 'sertim
269 1768 304 1806 si
337 1781 472 1807 eorum
504 1768 778 1820 exemplorum
809 1768 1002 1808 habemus
1033 1769 1242 1816 rationem,
1281 1768 1323 1806 in
1355 1767 1501 1820 quibus
1532 1768 1720 1820 leguntur
1749 1770 1894 1822 longae

35 1837 48 1860 ”-
101 1836 334 1886 vocales-et
364 1837 605 1890 diphthongi
636 1852 677 1894 ᾳ,
713 1853 755 1893 ῃ,
793 1852 838 1893 ῳ.
872 1851 964 1877 nam
995 1839 1037 1876 in
1078 1838 1196 1876 huius
1239 1837 1348 1876 modi
1393 1839 1588 1891 exemplis
1624 1852 1646 1877 e
1678 1837 1895 1878 CLXVIII

99 1906 197 1946 locis
229 1905 288 1961 (in
320 1921 376 1947 cc.
408 1912 515 1961 gen.)
547 1908 740 1948 exhibent
768 1909 887 1948 LXV
918 1909 985 1947 vel
1017 1909 1114 1948 387
1132 1907 1183 1962 ΟΛ)
1216 1907 1369 1947 hiatum
1407 1909 1449 1946 in
1486 1908 1565 1949 fine
1594 1908 1709 1961 pedis
1742 1911 1893 1962 quarti;

47 1964 50 1966 v
101 1982 240 2016 contra
271 1977 544 2029 exemplorum
585 1976 717 2027 DXC,
769 1980 810 2017 in
844 1979 988 2031 quibus
1018 1978 1206 2029 leguntur
1248 1978 1420 2017 leviores
1463 1977 1714 2031 diphthongi,
1763 1978 1893 2018 CLIX

100 2046 218 2092 modo
248 2047 315 2086 vel
348 2049 443 2087 269
456 2044 507 2102 ⁰s0
540 2049 582 2086 in
612 2049 685 2087 illa
714 2062 853 2088 versus
890 2048 985 2087 sede
1034 2048 1187 2087 hiatum
1231 2047 1437 2100 praebent.
1488 2048 1732 2088 monendum
1763 2055 1895 2089 autem

101 2122 162 2156 est
192 2117 313 2156 etiam
345 2116 452 2170 apud
484 2117 595 2167 alios,
628 2118 698 2170 qui
727 2118 961 2157 hexametro
994 2117 1221 2169 utebantur,
1258 2123 1399 2170 poetas
1438 2119 1652 2157 maximam
1692 2118 1733 2157 id
1769 2132 1896 2171 genus

15 2196 40 2229 ἢ,
101 2185 283 2226 hiatuum
313 2193 469 2240 partem
499 2188 667 2241 reperiri
697 2189 737 2227 in
769 2188 897 2227 altera
927 2188 1040 2227 brevi
1071 2187 1231 2240 syllaba
1262 2187 1378 2240 pedis
1409 2189 1542 2240 quarti
1557 2188 1602 2239 ¹).

0 1784 29 1890 '‘332''0Yt'2'lt
0 1692 27 1774 [is-³⁵*
0 1669 10 1678 *³
0 1595 23 1612 ,θ’
0 1537 2 1539 ”
0 1488 20 1506 ,Γ
9 1451 11 1453 -
12 1409 26 1427 k,
3 1358 18 1364 Γ
0 1345 6 1349 “
0 1325 5 1333 ”
0 1262 16 1267 ἒ
0 1220 21 1246 '“r'
0 1205 6 1209 '
0 1184 2 1193 T
0 1129 18 1154 '=‘.
0 1097 12 1116 ¹⁷
5 1052 20 1082 ¹:1⁴
0 992 17 1007 f

46 2305 64 2309 a
216 2255 282 2295 Ad
324 2256 429 2296 hanc
465 2270 605 2297 versus
648 2257 783 2296 sedem
819 2258 862 2296 in
900 2258 1110 2296 Theocriti
1154 2256 1315 2309 edylliis
1352 2259 1536 2309 proxime
1573 2257 1727 2296 accedit
1768 2260 1896 2298 altera

0 2338 56 2383 ζ·-
101 2340 194 2379 pars
225 2327 351 2366 thesis
382 2328 545 2377 tertiae;
577 2327 655 2367 hoc
674 2334 809 2367 tamen
841 2328 925 2367 sola
952 2327 1210 2366 multitudine
1234 2327 1519 2379 exemplorum,
1551 2328 1591 2366 in
1625 2327 1769 2380 quibus
1790 2329 1896 2367 inest

0 2382 373 2457 {gggl‘diphthongus
405 2411 461 2446 αι,
495 2397 676 2436 efficitur.
712 2397 905 2437 exhibent
936 2398 1041 2435 enim
1074 2409 1095 2434 e
1125 2397 1223 2434 locis
1246 2395 1473 2435 CXXVIII
1493 2396 1570 2435 huc
1600 2398 1894 2449 pertinentibus

0 2449 27 2463 q*
101 2462 239 2505 CXVI
275 2465 387 2504 illam
425 2465 738 2518 diphthongum;
776 2472 896 2518 atque
934 2467 977 2504 in
1014 2465 1076 2503 his
1115 2465 1309 2516 exemplis
1350 2465 1532 2504 omnibus
1569 2466 1718 2517 legitur
1747 2468 1895 2506 vocula

98 2536 187 2588 καί,
217 2548 319 2588 quae
348 2541 511 2589 propter
539 2536 842 2576 antecedentem
873 2549 1077 2575 caesuram
1113 2534 1345 2587 primariam
1383 2535 1425 2572 in
1457 2547 1504 2573 ea
1542 2534 1638 2574 sede
1668 2535 1895 2576 hexametri

33 2595 163 2655 ,stt-4032
196 2605 532 2658 frequentissima.
583 2620 605 2645 e
653 2606 819 2658 reliquis
856 2606 941 2644 XII
978 2605 1173 2656 exemplis
1212 2604 1405 2643 exhibent
1444 2605 1481 2643 V
1525 2605 1819 2659 diphthongum
1860 2621 1897 2647 ει

84 2826 87 2827 ⁷
219 2779 244 2825 ¹)
292 2781 335 2814 In
373 2778 552 2824 Apollonii
601 2778 851 2824 Argonauticis
903 2779 995 2812 inter
1045 2778 1271 2813 MDCXLIII
1323 2780 1399 2813 eius
1445 2780 1541 2813 modi
1601 2780 1719 2813 hiatus
1778 2783 1898 2813 extant

88 2827 379 2885 'ccccxxvm
403 2840 441 2872 in
466 2838 590 2873 eadem
612 2850 736 2873 versus
761 2838 861 2880 sede3
887 2838 930 2871 cf.
955 2838 1087 2872 Rzach.
1113 2838 1135 2872 l.
1169 2850 1197 2872 c.
1223 2849 1265 2871 ac
1296 2839 1457 2872 similiter
1488 2850 1561 2872 rem
1586 2850 1624 2873 se
1647 2839 1778 2873 habere
1802 2839 1896 2882 apud

80 2884 104 2896 ἴ·
128 2885 298 2933 ‘esiodum
322 2897 438 2940 elucet
469 2908 512 2931 ex
542 2898 604 2941 eis,
640 2908 733 2941 quae
769 2898 930 2940 exposuit
958 2897 1053 2929 idem
1077 2907 1192 2940 progr.
1218 2897 1492 2940 Micropragens.
1518 2907 1550 2930 a.
1578 2899 1667 2930 1875
1691 2908 1725 2939 p.
1752 2899 1793 2930 11
1819 2907 1897 2939 sqq.

74 2951 350 3005 {Hesiodische
373 2956 718 3000 Untersuchungen).

219 234 282 276 Ea
311 234 435 289 igitur
473 229 524 274 ex
563 232 726 288 edylliis
757 232 977 284 Theocriti,
1016 248 1117 287 quae
1153 233 1325 275 bucolici
1355 239 1448 275 sunt
1483 235 1658 287 generis,
1695 236 1907 277 rarissime.

100 1141 142 1178 in
175 1152 340 1180 caesura
370 1140 484 1193 pedis
516 1141 624 1178 tertii
655 1140 867 1189 trochaica,
900 1141 938 1179 V
959 1147 1050 1192 post
1079 1141 1264 1192 priorem,
1297 1141 1406 1178 XIII
1433 1147 1523 1192 post
1554 1142 1719 1180 alteram
1742 1143 1894 1193 primae
1960 1154 1969 1162 ·

1811 106 2041 145 115->
