2051 3341
4 64 185 132 “33

911 0 930 10 ⁴
992 0 1037 15 -u
1062 0 1567 39 *zef÷”·:†⁴w⁹<=⁸=g⁴'issr;²⁰“ss*ffi:2⁴.
1628 10 1694 28 ⁴
1722 10 1767 19 «

1163 28 1167 30 “
1209 37 1213 41 ⁴
1300 34 1346 47 :v-
1444 28 1629 40 ·1w-⁴-->:,³
1662 39 1668 48 Χ

124 222 167 260 in
212 235 292 273 quo
335 221 485 274 legitur
521 220 630 273 αἶψα
664 223 868 279 νόησαν);
917 227 999 264 269
1044 225 1190 279 πλεύρ’
1234 215 1497 278 ἐφύλασσον,
1537 214 1687 263 XXVI
1719 223 1772 262 10
1812 213 1977 262 πάντ’

124 288 323 347 ἐθεώρει,
375 293 427 331 16
460 292 506 333 αἱ
551 293 588 334 δ’
610 292 795 335 ἐδίωκον
846 294 950 346 (cod.
999 308 1020 333 c
1062 294 1107 336 αἱ
1149 293 1197 335 δὲ
1240 291 1438 347 δίωκον),
1481 293 1535 331 28
1578 291 1706 333 τῶνδ’
1727 290 1941 346 ἐμόγησεν

127 358 263 415 (codd.
296 362 405 400 enim
436 375 469 410 c,
517 362 557 401 D
594 362 787 402 exhibent
822 363 950 404 τῶνδ’
972 363 1172 418 ἐμόγησε,
1216 362 1289 403 sed
1325 367 1432 401 totus
1468 361 1583 400 locus
1618 361 1732 400 vario
1762 359 1880 400 modo
1911 373 1937 398 a
2001 380 2011 414 j

125 430 276 470 criticis
306 437 524 483 temptatus
555 431 649 484 est.)
680 432 826 470 similia
857 434 1112 484 reperiuntur
1142 433 1184 471 in
1216 428 1272 474 cc.>
1302 431 1396 470 dub.
1426 430 1536 469 XXI
1562 432 1618 469 42
1649 430 1941 483 καθεζόμενος
1970 428 1973 430 ’
2041 423 2051 444 ἶ

126 497 388 541 δ’ἐδόκευον
419 497 512 554 (hoc
540 499 735 552 praebent
756 500 848 539 libri
880 514 913 550 c,
950 504 1016 550 11,
1051 503 1122 551 183
1161 500 1209 542 δὲ
1239 500 1426 542 δόκευον
1456 498 1547 539 edd.
1578 499 1687 537 Iunt.
1720 504 1760 538 et
1796 494 1936 552 oalL),
2020 505 2022 507 ·

125 568 279 607 ΧΧΠΙ
314 570 368 608 52
404 568 470 621 ἠδ’
492 567 751 623 ἐκρεμάσθη,
788 571 843 608 54
883 569 976 611 οὐδ’
998 569 1216 624 ἐλυγίχθη.
1260 569 1321 608 bis
1365 574 1521 608 tantum
1564 581 1589 607 a
1631 567 1848 613 Theocrito
1891 567 1935 605 in

127 636 244 676 huius
292 636 401 676 modi
453 637 589 675 formis
638 644 911 693 augmentum,
967 639 1075 692 quod
1127 639 1226 678 elisa
1272 637 1402 678 vocali
1454 636 1567 676 finali
1614 636 1725 675 vocis
1773 648 1935 688 praece·

125 705 258 745 dentis
299 706 419 744 facile
460 707 611 745 servari
653 713 822 760 poterat,
866 708 1113 760 neglegitur3
1152 707 1223 747 sed
1267 714 1438 760 utroque
1479 706 1568 745 loco
1607 704 1810 744 clausulae
1845 708 1936 744 'ver—

123 788 239 813 suum
280 774 470 825 leguntur
512 775 771 814 Homericae:
825 776 936 815 XIII
973 779 1026 816 32
1071 777 1197 817 δαῖτα
1239 776 1425 817 πένοντο
1463 772 1532 829 (ef.
1570 774 1692 814 Hom.
1724 774 1782 813 ’Σ
1814 771 1935 825 558),

122 842 219 881 ibid.
252 844 308 882 40
337 843 476 884 πολλὰ
504 844 689 897 πεφύκει
720 843 789 898 (cf.
821 844 944 887 Hom.
977 859 997 886 ε
1029 847 1112 885 238
1134 863 1192 879 =
1226 846 1307 884 241
1340 843 1484 897 μακρὰ
1512 843 1738 896 πεφύκειν,
1775 844 1818 882 Δ
1851 843 1936 882 109
1968 864 1974 871 -

121 910 470 967 ἑκκαιδεκάδωρα
511 913 729 968 πεφύκει).
788 913 840 952 ad
890 927 989 966 quos
1038 913 1147 953 locos
1195 913 1390 952 accedunt
1433 912 1512 951 duo
1560 925 1612 950 ex
1654 911 1779 963 edyll.
1818 910 1933 950 dub.:

119 980 206 1019 XX
243 982 298 1020 23
340 981 600 1035 κροτάφοισι
640 982 835 1034 κέχυντο,
875 982 974 1023 ibid.
1020 984 1074 1021 38
1117 982 1241 1023 παιδὶ
1281 981 1471 1022 κάθευδε
1516 982 1776 1033 (quamquam
1816 979 1857 1018 h.
1901 979 1933 1021 1.

122 1051 242 1089 etiam
273 1065 289 1090 ι
320 1050 447 1089 dativi
467 1051 683 1102 singularis
713 1051 893 1091 elisionis
924 1053 1142 1105 impatiens
1173 1053 1215 1090 in
1247 1064 1409 1091 censum
1432 1051 1572 1097 venit).
1605 1049 1791 1088 similiter
1810 1055 1933 1102 atque

121 1121 162 1159 in
194 1119 396 1173 clausulis,
429 1133 529 1172 quas
558 1119 698 1169 adtuli,
735 1127 952 1173 augmento
983 1122 1186 1161 instructis
1217 1134 1279 1160 res
1311 1133 1355 1161 se
1384 1119 1509 1159 habet
1537 1133 1578 1159 v.
1606 1119 1738 1159 XXII
1767 1120 1846 1159 161
1879 1117 1936 1167 ἅς
1967 1169 1970 1173 ¹
2039 1106 2041 1108 .

120 1191 157 1230 κ’
172 1188 347 1243 ἐθέλητε
361 1188 517 1244 (omnes
537 1190 629 1228 libri
650 1191 799 1229 formas
811 1191 926 1230 verbi
947 1190 1135 1232 ἐθέλειν
1145 1190 1357 1243 praebent,
1381 1203 1624 1242 quamquam
1644 1203 1725 1228 non
1747 1187 1926 1228 easdem:
1989 1213 1992 1217 ›
2049 1212 2051 1214 ·

120 1257 207 1297 cod.
253 1262 304 1299 11
350 1258 473 1298 habet
513 1257 704 1313 ἐθέλητε,
753 1259 823 1298 lib.
871 1261 922 1299 18
966 1258 1181 1314 ἐθέληται,
1228 1273 1268 1297 m
1310 1257 1532 1309 ἐθέλοιτε).
1589 1252 1732 1297 eodem
1773 1263 1933 1310 spectat

117 1340 211 1366 usus
243 1326 370 1365 dativi
400 1328 570 1379 pluralis
601 1329 643 1366 in
680 1328 812 1369 -έεσσι
857 1329 1074 1368 desinentis
1117 1330 1159 1367 in
1190 1328 1515 1367 hexametrorum
1561 1328 1689 1366 exitu:
1732 1327 1842 1366 XIII
1872 1328 1943 1366 54-

115 1396 405 1451 παρεψύχοντ’
436 1395 647 1448 ἐπέεσσιν,
682 1398 812 1437 XXII
845 1400 925 1438 149
958 1396 1023 1439 ἐπ’
1052 1397 1292 1453 ἀλλοτρίοις
1320 1397 1548 1450 λεχέεσσιν,
1586 1395 1731 1449 quibus
1762 1396 1804 1434 in
1835 1409 1924 1435 ver·

117 1464 226 1504 sibus
267 1465 389 1504 facile
431 1466 635 1506 clausulae
670 1466 906 1518 trisyllabae
937 1467 1121 1505 adhiberi
1159 1472 1347 1518 poterant
1376 1465 1588 1505 scribendo
1620 1465 1929 1518 παρεψύχοντο

117 1534 292 1574 ἔπεσσιν
324 1530 476 1589 (hiatus
506 1535 612 1573 enim
645 1541 739 1574 ante
759 1535 1002 1574 vocabulum
1033 1534 1137 1584 ἔπος
1161 1549 1243 1574 non
1265 1534 1498 1582 offenderet,
1530 1533 1602 1573 sed
1622 1533 1925 1573 memorandum

119 1609 178 1642 est
208 1605 439 1650 Homerum,
483 1602 553 1641 ubi
584 1603 763 1642 dativum
794 1604 897 1656 plur.
946 1603 1064 1643 huius
1096 1603 1283 1643 vocabuli
1313 1604 1353 1642 in
1385 1617 1525 1643 versus
1562 1603 1673 1643 exitu
1704 1603 1926 1654 usurpavit,

118 1677 348 1711 constanter
376 1685 492 1710 usum
514 1685 600 1711 esse
625 1672 753 1710 forma
772 1670 985 1726 ἐπέεσσιν)
999 1670 1031 1726 ¹)
1065 1679 1104 1711 et
1125 1671 1190 1712 ἐπ’
1211 1672 1474 1727 ἀλλοτρίοισι
1493 1672 1702 1724 λέχεσσιν;
1733 1672 1782 1710 cf.
1804 1671 1924 1710 Hom.

119 1741 163 1783 Γ
191 1743 272 1782 391
318 1740 540 1783 δινωτοῖσι
583 1740 788 1794 λέχεσσιν.
836 1741 975 1789 dativi,
1019 1743 1088 1794 qui
1131 1741 1319 1782 desinunt
1353 1743 1396 1782 in
1439 1742 1611 1793 -έεσσιν,
1651 1742 1840 1795 leguntur
1882 1742 1923 1781 in

117 1811 340 1851 hexametri
391 1811 471 1849 fine
521 1811 641 1849 etiam
683 1811 766 1850 XV
804 1813 856 1851 93
900 1817 992 1860 τοῖς
1022 1812 1278 1866 Δωριέεσσι,
1330 1812 1460 1850 XXII
1505 1813 1585 1850 143
1633 1811 1929 1865 βαρυνόμενοι

117 1880 327 1921 σακέεσσι.

231 1949 450 1988 Praeterea
469 1948 547 1986 huc
567 1949 769 2000 pertinent
789 1949 911 1988 etiam
929 1949 1135 1988 clausulae
1148 1949 1275 1988 XVII
1292 1951 1373 1988 118
1389 1950 1524 2004 μυρία
1543 1955 1652 2003 τῆνα
1666 1947 1728 2005 (ut
1743 1950 1923 1989 omittam

115 2014 224 2057 locos
256 2018 477 2056 carminum
509 2017 638 2056 bucol.
672 2023 711 2056 et
732 2019 841 2058 mim.
874 2018 984 2058 velut
1014 2019 1036 2056 I
1059 2020 1081 2056 1
1115 2018 1266 2059 αἰπόλε
1295 2018 1417 2072 τήνα,
1446 2019 1483 2057 V
1508 2019 1573 2067 15,
1607 2021 1712 2068 1173
1743 2019 1827 2058 VH
1849 2020 1921 2067 98;

113 2087 218 2126 XIV
248 2089 323 2136 413
368 2086 439 2125 ubi
470 2086 679 2134 dialectus,
724 2101 802 2139 qua
834 2088 1060 2140 conscripta
1100 2094 1192 2126 sunt
1221 2087 1323 2127 haec
1354 2087 1522 2141 edyllia,
1567 2088 1785 2141 plurimum
1813 2087 1923 2127 haud

114 2156 236 2195 dubie
266 2156 309 2194 in
340 2155 539 2208 eligendis
568 2155 632 2195 his
661 2156 801 2195 formis
831 2154 995 2213 valuit),
1025 2156 1152 2197 XXV
1186 2159 1240 2197 36
1273 2156 1435 2211 δμώων
1463 2156 1561 2199 τινὰ
1591 2157 1740 2199 κείνου
1782 2154 1921 2212 (quam

114 2226 354 2277 scripturam
375 2224 572 2277 praebent
594 2225 709 2264 codd.
728 2239 760 2273 c,
784 2240 835 2275 m,
862 2229 927 2274 18,
951 2240 1002 2276 w;
1025 2227 1134 2266 solus
1156 2227 1260 2267 liber
1278 2229 1326 2267 11
1351 2227 1475 2265 habet
1495 2221 1699 2281 ἐκείνού).
1720 2226 1924 2266 Homerus

114 2294 278 2346 quidem
310 2306 470 2346 semper
498 2295 583 2333 fere
613 2294 655 2332 in
688 2307 827 2334 versus
861 2296 972 2333 exitu
1001 2296 1153 2334 formas
1184 2296 1298 2334 vocis
1330 2294 1509 2345 ἐκεῖνος,
1538 2308 1620 2333 non
1639 2294 1750 2334 vocis
1780 2299 1926 2344 κεῖνος
1977 2338 1984 2343 ,,

111 2359 384 2418 usurpavit2).
417 2362 525 2415 apud
556 2362 816 2402 Theocritum
848 2363 996 2415 legitur
1027 2362 1192 2413 ἐκεῖνος
1221 2364 1264 2402 in
1294 2363 1520 2403 hexametri
1549 2364 1647 2403 fine:
1683 2364 1807 2403 XXV
1840 2366 1920 2404 121

111 2438 273 2481 νοῦσος
302 2430 488 2482 ἐκείνου,
520 2432 646 2484 epigr.
678 2431 701 2470 I
735 2435 754 2470 1
789 2433 1064 2482 κατάπυκνος
1093 2431 1249 2474 ἐκείνα.

228 2501 386 2541 voees
418 2501 813 2554 monosyllabae,
852 2502 996 2554 quibus
1027 2502 1252 2542 hexametri
1284 2501 1392 2556 apud
1423 2502 1685 2543 Theocritum
1715 2503 1922 2550 finiuntur,

111 2570 233 2622 longe
270 2571 507 2623 saepissime
546 2577 640 2610 sunt
679 2572 903 2620 encliticae,
949 2586 1052 2625 quae
1090 2573 1289 2611 artissime
1319 2572 1369 2611 ad
1407 2586 1528 2611 voces
1561 2572 1846 2612 antecedentes
1877 2584 1925 2611 se

111 2638 334 2693 adplicant:
380 2642 421 2689 a)
451 2640 474 2678 I
508 2641 607 2689 113;
652 2641 719 2679 111
751 2643 825 2690 283
858 2641 896 2680 V
928 2642 1003 2690 293
1050 2641 1131 2680 VII
1167 2643 1233 2690 13,
1269 2643 1368 2692 119;
1406 2642 1511 2682 VIII
1545 2643 1609 2691 15,
1643 2642 1712 2691 55,
1746 2642 1813 2689 63,
1847 2640 1922 2689 65,

110 2709 152 2747 Χ
185 2710 253 2756 24,
293 2710 362 2756 36,
402 2710 475 2757 44;
519 2710 584 2747 XI
615 2712 654 2758 9,
694 2712 760 2758 22,
785 2712 865 2758 23,
911 2712 978 2758 68,
1013 2703 1087 2760 70;
1133 2714 1171 2760 b)
1201 2711 1246 2750 Π
1278 2712 1378 2760 114;
1421 2712 1505 2750 XV
1539 2714 1604 2760 12,
1640 2712 1706 2759 15,
1740 2712 1807 2757 23,
1843 2711 1922 2758 71;

229 2869 255 2914 1)
281 2868 335 2902 Cf.
360 2869 414 2902 La
436 2869 561 2902 Roche
584 2869 608 2902 1.
633 2881 662 2903 c.
686 2881 719 2914 p.
746 2872 801 2905 83.

227 2925 254 2970 ²)
281 2926 334 2961 cf.
358 2927 413 2960 La
436 2927 558 2962 Roche
582 2928 668 2963 ibid.
