2051 3341
111 321 157 356 et
186 316 387 370 spondeos
417 316 615 358 adhibuit.
659 318 724 358 his
752 332 852 359 vero.
880 319 923 358 in
952 317 1139 359 versibus
1169 316 1390 360 condendis
1419 324 1566 372 poetae
1595 321 1760 364 omnino
1788 320 1933 366 multoss

110 386 245 427 minus
273 386 404 427 libere
434 388 588 427 versari
616 393 805 440 poterant
835 400 954 442 quam
984 388 1028 426 in
1057 400 1179 428 versu
1208 386 1386 426 heroico.
1435 387 1478 426 in
1507 386 1586 429 hoc
1616 390 1728 429 enim‘-
1755 403 1845 432 cum
1860 391 1915 440 ,in

112 469 359 509 unaquaque
403 457 500 497 sede
543 457 731 509 dactylus
767 456 947 508 spondeo
983 456 1220 510 commutari
1256 462 1406 509 posset,
1450 456 1502 497 de
1544 460 1807 510 pentametris
1836 460 1917 501 iam

111 523 208 564 inde
252 524 302 568 ab
346 525 635 577 antiquissimis
676 524 924 577 temporibus
966 537 1016 563 ea
1057 518 1234 564 obtinuit
1269 525 1352 574 lex,
1394 538 1447 564 ne
1484 526 1528 565 in
1569 526 1738 567 alteram
1780 539 1920 569 versus

111 599 271 646 partem
302 594 583 633 admitteretur
602 593 818 645 spondeus.
851 594 1002 633 variari
1032 594 1157 646 igitur
1179 607 1369 646 versuum
1389 600 1732 647 pentametrorum
1762 597 1918 637 numeri

112 664 190 701 nisi
226 664 269 701 in
305 663 459 701 duobus
495 662 696 713 prioribus
731 662 905 714 pedibus
941 676 1023 702 non
1059 669 1260 715 poterant.
1310 669 1432 715 atque
1468 663 1564 702 inde
1601 677 1722 703 causa
1749 678 1918 718 *quoque

111 730 332 783 repetenda
362 735 434 780 est,
466 744 538 770 cur
565 735 714 783 poetae
734 730 907 784 elegiaci
936 736 1050 776 tanto
1071 730 1198 784 magis
1229 730 1544 787 inxpentametro
1576 731 1768 773 struendo
1798 746 1918 789 quam

111 801 152 837 in
175 800 406 837 hexametro
427 799 532 837 inter
551 812 595 838 se
616 800 881 840 consentiant.
900 784 1140 839 Theocritus
1163 813 1269 848 vero,
1291 786 1400 852 apud
1421 814 1554 852 quem,
1575 802 1610 840 si
1630 803 1920 853 epigrammata

111 868 305 920 excipias,
328 869 371 907 in
392 869 478 908 solo
501 882 535 908 c.
557 867 688 909 bucol.
710 868 843 917 VIH.,
867 867 940 922 (cf.
963 883 1031 907 vv.
1056 866 1247 922 33—60)
1268 868 1440 910 disticha
1458 868 1663 921 leguntur,
1685 870 1918 923 saepissime

111 950 201 975 eam
244 939 487 990 pentametri
524 939 692 981 formam
730 938 928 987 adhibuit,
971 952 1077 991 quae
1114 939 1236 978 etiam
1272 937 1379 991 apud
1418 937 1710 979 Callimachum
1720 939 1751 990 ¹)
1797 945 1920 992 atque

111 1005 222 1058 apud
259 1012 404 1059 poetas
441 1006 644 1058 elegiacos
680 1013 906 1059 temporum
943 1007 1195 1060 superiorum
1205 1004 1241 1063 2)
1278 1008 1605 1060 frequent-issima
1635 1014 1709 1061 est,
1751 1010 1919 1050 formam

110 1073 215 1123 dico,
248 1088 352 1127 quae
381 1077 424 1113 in
455 1074 551 1119 sede
580 1076 712 1128 prima
742 1074 909 1114 exhibet
938 1074 1160 1128 dactylum,
1194 1076 1235 1114 in
1257 1075 1363 1128 pede
1385 1076 1511 1115 altero
1532 1076 1757 1128 spondeum
1767 1076 1811 1125 ³).
1835 1078 1919 1116 eius

113 1144 222 1183 modi
252 1157 394 1183 versus
431 1145 473 1184 in
510 1159 543 1183 c.
578 1145 693 1185 VIII.
726 1151 868 1184 extant
894 1145 991 1192 VII,
1023 1145 1066 1183 in
1098 1145 1226 1197 epigr.
1247 1146 1433 1196 genuinis
1458 1145 1535 1193 IX,
1568 1144 1712 1197 quibus
1742 1143 1919 1185 addendi

108 1220 205 1253 sunt
233 1214 386 1253 XVIII
418 1216 662 1267 pentametri
707 1228 759 1254 ex
800 1215 1101 1268 epigrammatis
1143 1213 1289 1254 dubiis.
1340 1215 1569 1268 proximum
1611 1214 1743 1253 locum
1779 1219 1919 1255 tenent

109 1285 353 1335 pentametri
395 1285 437 1322 in
480 1285 614 1336 priore
655 1290 769 1337 parte
811 1284 928 1324 binos
970 1284 1170 1337 spondeos
1213 1284 1463 1333 exhibentes,
1515 1285 1585 1337 qui
1626 1290 1720 1324 sunt
1754 1289 1917 1337 'septem

110 1360 291 1401 numero,
325 1366 491 1405 quorum
513 1354 693 1406 quinque
713 1354 755 1392 in
776 1353 957 1393 distichis
979 1354 1170 1393 carminis
1190 1353 1310 1394 VIII.
1339 1354 1603 1393 inveniuntur
1633 1351 1722 1409 (vv,
1746 1354 1815 1402 38,
1846 1354 1919 1401 44,

109 1423 180 1470 48,
214 1422 284 1470 52,
318 1419 407 1475 58),
440 1422 520 1461 duo
550 1423 593 1461 in
625 1423 926 1474 epigrammatis
957 1422 997 1477 (I
1029 1423 1070 1471 2,
1099 1420 1167 1477 6);
1200 1422 1398 1462 accedunt
1426 1421 1506 1461 duo
1537 1435 1589 1463 ex
1619 1422 1919 1475 epigrammatis

113 1489 262 1529 dubiae
293 1490 458 1541 originis
489 1490 568 1542 (VI
590 1492 617 1529 4
639 1497 681 1530 et
698 1491 804 1531 XVI
826 1490 885 1544 6).
917 1491 1023 1531 binis
1044 1490 1220 1544 dactylis
1240 1492 1351 1543 prior
1370 1492 1614 1543 pentametri
1636 1503 1728 1542 pars
1749 1490 1919 1529 efficitur

107 1558 169 1597 bis
200 1559 243 1597 in
275 1574 309 1598 c.
334 1554 461 1598 Vm?
476 1558 536 1612 (in
559 1574 627 1600 vv.
661 1562 715 1601 36
748 1566 789 1599 et
819 1562 914 1610 56);
947 1560 1064 1600 idem.
1084 1560 1129 1599 fit
1159 1562 1312 1601 octiens
1343 1561 1386 1599 in
1417 1561 1544 1612 epigr.
1577 1559 1674 1600 dub.
1696 1558 1774 1609 (IV
1803 1560 1843 1607 4,
1877 1560 1917 1607 6,

107 1629 148 1675 8,
166 1628 239 1676 163
257 1627 296 1665 V
315 1629 358 1676 6;
377 1627 439 1666 VI
453 1631 498 1677 ὃς
520 1629 585 1667 ΙΧ
607 1627 740 1683 [VIII]
767 1631 806 1677 2,
819 1629 885 1667 XI
898 1629 957 1682 6).
979 1629 1182 1667 rarissima
1202 1634 1264 1667 est
1284 1641 1333 1666 ea
1353 1628 1595 1680 pentametri
1615 1629 1784 1679 species,
1807 1613 1918 1666 cuius

107 1710 180 1748 pes
193 1698 346 1748 primus
360 1704 420 1736 est
431 1698 687 1749 spondiacus,
703 1698 804 1738 alter
824 1698 1066 1751 dactylicus;
1082 1697 1223 1750 quales
1238 1710 1377 1737 versus
1397 1697 1440 1736 in
1453 1695 1607 1749 edyllio
1622 1696 1738 1737 VIII.
1753 1709 1918 1749 prorsus

108 1779 187 1805 non
220 1766 488 1818 reperiuntur,
526 1767 568 1806 in
601 1766 728 1819 epigr.
761 1771 902 1806 extant
933 1765 1012 1806 duo
1051 1765 1172 1816 (vm
1204 1764 1317 1819 [VII]
1351 1766 1376 1805 2
1408 1770 1448 1804 et
1485 1765 1529 1804 X
1559 1766 1622 1815 2);
1662 1765 1791 1822 epigr.
1823 1764 1916 1804 dub.

105 1835 195 1872 eius
227 1822 336 1872 modi
356 1848 497 1873 versus
518 1849 590 1874 sex
611 1835 805 1874 exhibent
836 1834 920 1889 (III
943 1837 981 1883 2,
1003 1836 1064 1873 IV
1088 1838 1155 1882 12,
1191 1836 1262 1883 18;
1285 1834 1324 1872 V
1344 1836 1390 1882 43
1423 1834 1506 1873 VH
1527 1832 1660 1886 [XIV]
1692 1836 1732 1882 4,
1754 1833 1837 1873 XV
1858 1831 1917 1888 4).

229 1903 278 1943 In
310 1904 422 1944 exitu
452 1918 595 1944 versus
624 1905 867 1957 pentametri
876 1904 906 1953 ⁴)
927 1904 1184 1957 reperiuntur
1204 1903 1438 1957 saepissime
1457 1915 1578 1942 voees
1597 1901 1843 1956 bisyllabae:
1876 1902 1918 1942 in

112 1986 147 2014 c.
166 1972 282 2013 VIH.
304 1973 404 2012 locis
423 1973 475 2021 V,
508 1974 550 2012 in
573 1975 700 2026 epigr.
715 1987 809 2025 gen.
830 1974 875 2012 ll.
896 1973 971 2021 IV,
1002 1974 1045 2012 in
1067 1974 1196 2025 epigr.
1218 1972 1313 2011 dub.
1334 1972 1379 2013 ll.
1398 1972 1499 2012 XII.
1522 1972 1707 2023 proxime
1726 1972 1922 2010 accedunt

109 2044 242 2082 exitus
273 2044 315 2082 in
346 2044 547 2083 vocabula
576 2043 806 2097 trisyllaba,
830 2042 975 2096 quibus
999 2042 1292 2083 concluduntur
1320 2041 1362 2081 in
1395 2055 1430 2081 c.
1451 2040 1569 2081 VIH.
1599 2040 1844 2095 pentametri
1866 2038 1916 2090 V,

109 2112 152 2150 in
173 2113 302 2164 epigr.
324 2125 417 2164 gen.
440 2126 556 2159 unus,
589 2114 631 2151 in
654 2114 781 2165 epigr.
806 2112 899 2151 dub.
922 2112 1000 2151 IX.
1032 2107 1229 2165 quattuor
1249 2110 1499 2163 syllabarum
1530 2111 1697 2149 vocibus
1726 2111 1919 2149 finiuntur
1986 2116 1988 2118 ’

109 2181 154 2219 in
185 2195 219 2220 c.
243 2181 361 2221 VIII.
392 2182 638 2234 pentametri
661 2181 753 2231 duo,
785 2182 827 2221 in
859 2182 988 2234 epigr.
1009 2194 1102 2233 gen.
1125 2185 1329 2234 quattuor,
1360 2180 1402 2219 in
1434 2180 1561 2232 epigr.
1583 2177 1678 2219 dub.
1709 2192 1795 2219 sex.
1818 2192 1917 2218 non·

104 2263 325 2302 numquam
372 2251 495 2288 etiam
536 2251 579 2288 in
620 2251 820 2289 vocabula
863 2251 1044 2302 quinque
1074 2249 1324 2301 syllabarum
1356 2261 1508 2297 versus,
1555 2262 1654 2300 quos
1683 2253 1915 2297 tractamus,

105 2325 277 2359 exeunt:
311 2333 345 2358 c.
380 2319 486 2359 VIH
518 2321 588 2369 38,
621 2321 694 2369 603
727 2320 854 2373 epigr.
887 2319 992 2358 VIII
1023 2318 1135 2369 (VII)
1168 2319 1213 2368 23
1250 2317 1377 2371 epigr.
1409 2316 1503 2356 dub.
1533 2316 1578 2356 H
1607 2318 1657 2366 43
1693 2316 1761 2356 m
1789 2318 1830 2366 4,
1874 2317 1917 2367 63

107 2389 146 2428 V
177 2390 223 2438 2;
256 2389 318 2428 VI
349 2391 387 2438 2,
420 2389 485 2428 ΙΧ
517 2387 659 2444 (VIII)
682 2391 722 2428 4.
746 2388 1023 2432 duobuslocis
1043 2400 1164 2427 voces
1185 2400 1256 2427 sex
1276 2387 1523 2440 syllabarum
1544 2387 1588 2425 in
1608 2386 1690 2425 fine
1709 2378 1917 2438 leguntur:

104 2459 235 2511 epigr.
265 2459 289 2497 I
320 2461 344 2498 2
388 2459 676 2511 Ἑλικωνιάσι,
711 2458 756 2497 Χ
785 2460 813 2497 4
844 2457 1192 2500 ἐπιλανθάνεται.
1243 2456 1389 2496 vocula
1425 2456 1603 2508 denique
1637 2454 1918 2508 monosyllaba

104 2527 305 2580 reperitur
335 2528 464 2580 epigr.
494 2527 605 2566 XIII
635 2530 662 2566 4
692 2528 827 2569 λώιον
856 2527 918 2576 εἰς
947 2526 1043 2576 ἔτος
1077 2523 1133 2580 ἦν
1171 2532 1210 2565 et
1239 2526 1367 2578 epigr.
1399 2524 1494 2567 dub.
1531 2524 1596 2564 XI
1625 2526 1653 2564 4
1683 2524 1921 2578 δαιμονίως

105 2597 232 2649 φίλος
260 2594 329 2649 ἦν.

225 2687 251 2728 ¹)
277 2685 324 2719 cf
343 2686 478 2720 Benek.
503 2687 527 2719 l.
552 2698 583 2720 c.
607 2697 641 2730 p.
667 2688 700 2720 8.

226 2742 253 2788 ²)
280 2740 786 2786 cf.Hu1tgreni‘.observatt
811 2746 910 2776 metr.
934 2744 972 2776 in
995 2746 1088 2787 poet.
1114 2742 1213 2785 eleg!
1237 2742 1334 2785 Lips.
1361 2742 1468 2783 1871,
1495 2740 1635 2774 Sitzleri
1650 2739 1814 2773 ‘Studien
1838 2749 1919 2779 zum

100 2800 248 2846 Elegik.
273 2800 483 2847 Theognis,
507 2802 844 2845 Tauberbjschofsh.
871 2801 975 2845 1885,
997 2812 1032 2845 p.
1058 2802 1101 2834 15
1127 2811 1179 2844 sq.

223 2860 251 2905 ³)
276 2853 415 2906 Eadem
439 2860 553 2893 forma
568 2861 675 2894 etiam
691 2859 787 2903 apud
803 2860 953 2903 optimos
969 2859 1212 2892 Romanorum
1231 2861 1353 2902 poetas
1369 2857 1657 2902 frequentissima
1672 2859 1742 2898 est3
1768 2855 1814 2889 cf.
1831 2855 1919 2889 Luc.

106 2918 271 2953 Muelleri
295 2919 365 2953 ‘De
389 2930 429 2953 rs
452 2918 623 2962 metr-’p.
650 2917 1072 2961 14530hriefii‘Met1-ik
1096 2916 1158 2951 der
1182 2916 1359 2951 Griechen
1382 2915 1458 2950 und
1470 2911 1647 2949 Βδωοι·”
1672 2925 1706 2959 p.
1733 2915 1812 2948 208.

224 2978 251 3019 ⁴)
275 2978 332 3010 De
348 2976 498 3019 ratione,
515 2986 623 3020 quam
641 2976 679 3008 in
695 2975 861 3008 finiendis
877 2976 1105 3018 pentametris
1123 2975 1236 3008 secuti
1252 2977 1335 3007 sunt
1350 2976 1477 3017 poetae
1495 2973 1658 3016 elegiaci,
1675 2973 1719 3005 cf.
1732 2971 1924 3016 IIultgren.
1969 2982 1971 2984 “
1988 3004 2008 3008 -
2017 2954 2036 3020 1³-

106 3036 128 3069 1.
155 3047 186 3069 c.
211 3047 244 3079 p.
271 3038 327 3069 12.
