2051 3336
1872 16 1980 92 ⁷7*

5 169 68 237 ‘Q
130 179 368 231 insequente
410 183 519 217 muta
560 191 593 218 c.
624 177 652 218 l.
683 177 841 230 integra
877 182 1024 225 manet,
1068 189 1119 216 ex
1149 190 1225 216 usu
1256 190 1443 216 caesurae
1475 177 1679 216 bucolicae
1709 177 1930 231 probabilis

124 248 244 287 huius
273 248 332 287 rei
361 248 445 300 peti
473 253 604 300 potest
635 248 849 287 excusatio.
873 248 906 286 si
937 246 1025 299 quis
1061 252 1194 286 tamen
1225 248 1318 286 huic
1349 248 1607 300 explicationi
1637 248 1679 286 id
1712 250 1926 288 convenire

125 324 258 372 neget,
292 316 398 372 quod
429 318 470 357 in
493 317 658 357 Homeri
689 317 942 365 carminibus,
976 316 1048 356 etsi
1078 317 1309 370 frequenter
1339 318 1562 371 reperiatur
1583 317 1725 357 eadem
1747 332 1924 368 caesura,

128 395 262 428 tamen
297 388 374 427 nisi
413 387 474 427 bis
521 385 596 443 (Ψ
623 389 703 428 186
737 386 935 443 ῥοδόεντι
977 385 1025 427 δὲ
1065 392 1184 441 χρῖεν
1226 386 1350 444 ἐλαίῳ
1393 394 1433 427 et
1475 403 1507 442 μ
1541 389 1621 427 105
1655 389 1797 442 ἤματι,
1836 388 1929 443 τρὶς

128 455 451 513 δ’ἀναροιβδεῐ)
484 458 692 510 correptio,
726 457 776 496 de
798 470 879 509 qua
899 456 1065 508 agimus,
1097 470 1178 495 non
1200 463 1320 506 extet,
1352 459 1522 510 primum
1554 458 1780 497 meminerit
1807 457 1929 496 velim

131 527 181 567 ab
211 527 390 567 Homero
433 528 474 566 in
517 526 800 578 uniuscuisque
841 524 957 577 pedis
999 524 1089 573 fine,
1138 524 1179 563 id
1210 525 1316 577 quod
1347 527 1463 565 modo
1495 527 1762 584 exposuimus,
1808 527 1929 564 talem

131 595 421 651 correptionem
440 597 571 645 vitari,
602 594 748 635 deinde
779 593 885 648 apud
915 600 1056 648 poetas
1086 593 1286 634 bucolicos
1318 609 1504 636 caesurae
1535 598 1595 636 illi
1626 598 1666 636 in
1698 597 1929 637 universum

128 668 320 708 maiorem
348 668 431 706 vim
474 667 605 705 inesse
649 678 769 718 quam
798 665 839 703 in
871 664 1109 704 carminibus
1139 664 1375 705 Homericis.
1420 679 1466 704 ac
1503 667 1619 706 simili
1656 668 1810 706 ratione
1842 668 1927 705 eius

128 739 187 777 rei
217 752 348 786 causa,
389 736 495 790 quod
532 737 574 775 in
600 735 732 789 priore
776 740 939 788 quartae
969 734 1092 774 thesis
1122 740 1236 788 parte
1266 749 1345 774 uno
1376 735 1463 775 loco
1495 742 1660 789 excepto
1691 736 1929 776 Theocritus

132 820 350 860 numquam
381 805 560 846 vocalem
602 804 761 844 finalem
804 809 897 843 ante
939 809 1088 843 mutam
1130 818 1163 843 c.
1193 804 1220 845 l.
1253 804 1362 843 vocis
1392 805 1636 857 insequentis
1666 807 1880 859 corripuit‚·
1907 820 1928 844 e

133 876 262 916 studio
293 876 482 915 vitandae
513 888 701 915 caesurae
730 873 845 927 pedis
878 875 1007 927 quarti
1037 874 1262 913 trochaicae
1291 874 1513 926 repetenda
1543 881 1614 915 est.

246 945 501 998 Singularum
519 958 616 985 vero
646 943 887 997 liquidarum
926 944 959 983 si
985 943 1175 983 habemus
1203 944 1409 993 rationem,
1442 944 1631 997 exempla
1651 958 1772 998 supra
1793 945 1928 984 adlata

130 1016 206 1055 hoc
235 1015 352 1055 modo
384 1014 656 1054 distribuenda
686 1019 796 1053 suntt

1333 1175 1372 1206 in
1400 1175 1563 1207 omnibus

1300 1231 1448 1264 Theocr.
1458 1243 1510 1267 cc.
1517 1243 1596 1275 gen.

244 1186 342 1209 cons.

210 1234 367 1278 liquidae

450 1205 487 1237 in
513 1214 563 1237 cc.
589 1204 669 1236 buc.
733 1204 771 1235 in
795 1214 845 1236 cc.
870 1204 965 1236 mim.
1043 1203 1078 1235 in
1104 1213 1152 1235 cc.
1180 1213 1234 1245 ep.

247 1713 392 1752 Nullus
422 1713 541 1764 igitur
570 1712 773 1750 invenitur
802 1711 925 1758 locus,
958 1725 1036 1763 quo
1061 1712 1192 1750 brevis
1212 1713 1362 1750 vocalis
1393 1714 1434 1751 in
1465 1715 1573 1752 exitu
1594 1714 1780 1753 vocabuli
1800 1717 1930 1767 posita

132 1784 366 1836 insequente
397 1787 506 1820 muta
536 1795 624 1820 cum
653 1796 684 1834 μ
713 1780 868 1833 liquida
898 1781 1108 1819 coniuncta
1134 1781 1289 1834 integra
1310 1788 1482 1832 maneat,
1513 1784 1752 1835 paucissimi,
1786 1784 1929 1837 quibus

131 1853 208 1892 hoc
237 1852 282 1891 fit
310 1852 546 1904 insequente
576 1856 686 1889 muta
716 1863 805 1888 cum
834 1864 861 1890 ν
891 1849 1046 1902 liquida
1078 1850 1276 1903 copulata.
1321 1851 1422 1889 illud
1460 1852 1621 1903 quidem
1653 1866 1733 1892 non
1764 1860 1844 1892 tam
1877 1868 1928 1893 ex

133 1923 282 1961 maiore
322 1922 502 1975 pondere
543 1926 674 1959 mutae
712 1934 801 1959 cum
830 1935 861 1973 μ
896 1919 1051 1973 liquida
1080 1921 1238 1959 iunctae
1270 1920 1553 1972 explicandum
1597 1935 1683 1961 esse
1729 1937 1848 1975 quam
1878 1938 1929 1964 ex

135 1993 222 2045 ipsa
265 1991 466 2044 paucitate
496 1989 796 2035 vocabulorum,
829 2002 931 2041 quae
975 1989 1024 2027 ab
1061 1989 1178 2028 huius
1214 1990 1320 2028 modi
1359 1990 1550 2030 iuncturis
1582 2005 1842 2032 consonarum
1872 1994 1928 2032 in-

133 2061 296 2114 cipiunt,
329 2061 409 2099 iam
439 2072 559 2112 supra
588 2058 774 2097 indicavi.
816 2072 909 2097 nam
940 2071 1018 2097 non
1051 2064 1111 2097 est
1139 2059 1215 2097 hac
1244 2060 1285 2097 in
1317 2073 1359 2099 re
1390 2060 1685 2112 neglegendum
1716 2063 1755 2099 in
1788 2061 1929 2100 mediis

133 2130 351 2178 vocabulis,
383 2130 452 2169 ubi
483 2130 676 2186 correptio
707 2129 867 2167 omnino
898 2129 1023 2180 magis
1044 2129 1203 2177 vitatur,
1237 2142 1325 2167 eam
1353 2143 1376 2168 a
1397 2130 1611 2169 Theocrito
1631 2145 1929 2184 nonnumquam

136 2206 228 2240 ante
257 2205 406 2239 mutam
437 2212 526 2238 cum
554 2214 585 2253 μ
614 2197 769 2251 liquida
799 2198 1063 2236 consociatam
1094 2197 1305 2237 admissam
1338 2212 1436 2238 esse.
1481 2213 1503 2238 e
1545 2199 1642 2238 locis
1679 2206 1812 2240 autem
1849 2202 1929 2240 illis

134 2275 243 2318 octo,
270 2268 412 2321 quibus
441 2284 468 2310 ν
499 2282 672 2307 consona
701 2268 859 2319 1εςῑι,τ,
890 2281 992 2306 unus
1021 2274 1175 2306 tantum
1204 2269 1246 2307 in
1278 2268 1438 2320 edylliis
1488 2269 1618 2307 bucol.
1671 2270 1799 2324 (VIII
1840 2270 1928 2325 76),

134 2338 212 2378 duo
233 2339 274 2377 in
296 2353 329 2379 c.
351 2338 513 2378 XVIII.
537 2343 674 2377 extant
694 2340 777 2390 (vv.
801 2338 857 2376 40
878 2342 917 2376 et
937 2334 1025 2392 54),
1049 2338 1169 2376 ceteri
1201 2351 1335 2377 omnes
1365 2338 1407 2376 in
1438 2337 1600 2390 edylliis
1632 2352 1695 2391 ep.
1722 2353 1768 2377 ac
1788 2352 1925 2387 voces,

135 2413 227 2447 ante
255 2422 357 2460 quas
388 2408 583 2460 correptio
613 2406 685 2445 illa
706 2406 933 2454 admittitur,
967 2412 1057 2445 sunt
1086 2406 1182 2445 hae:
1218 2407 1359 2460 κνάμα
1380 2405 1487 2447 XVI
1507 2409 1571 2456 18,
1595 2408 1760 2461 κνάμας
1779 2409 1927 2448 XXIV

138 2478 233 2525 140,
265 2476 490 2518 κνώδαλον
526 2476 651 2515 XXV
692 2477 787 2523 183,
830 2474 1034 2523 πνέοντες
1063 2475 1215 2514 XVIII
1262 2476 1316 2514 54
1360 2481 1401 2514 et
1442 2475 1573 2514 XXII
1605 2478 1672 2525 82,
1717 2477 1930 2527 πνέοντας

135 2546 287 2586 XVIII
320 2547 388 2595 40,
419 2551 589 2599 πνεῦμα
620 2544 726 2583 VIII
763 2545 830 2592 76,
861 2543 1106 2597 πνεύμονος
1134 2543 1259 2583 XXV
1298 2545 1394 2584 237.

249 2614 450 2667 Exempla
492 2619 623 2652 autem
670 2612 975 2665 correptionum,
1022 2625 1124 2664 quae
1166 2613 1459 2666 proposuimus,
1495 2615 1591 2666 quin
1623 2615 1664 2653 in
1696 2616 1928 2655 universum

136 2691 198 2725 sat
227 2685 396 2724 multum
427 2684 613 2723 differant
633 2697 656 2722 a
675 2683 792 2732 locis,
812 2682 955 2735 quibus
976 2683 1138 2722 vocales
1170 2683 1310 2723 finales
1341 2685 1384 2723 in
1416 2685 1495 2724 arsi
1526 2685 1677 2737 positas
1709 2686 1925 2738 productas

134 2755 322 2801 vidimus,
362 2768 442 2792 non
472 2759 606 2806 potest
636 2752 821 2791 dubitari.
858 2752 901 2790 in
931 2752 993 2790 his
1025 2753 1130 2791 enim
1163 2767 1251 2791 cum
1282 2754 1493 2802 vocabula,
1527 2768 1695 2806 quorum
1724 2762 1928 2794 extremae

135 2823 319 2877 syllabae
348 2823 632 2876 producuntur,
672 2822 866 2863 artissime
898 2835 987 2860 cum
1018 2822 1283 2879 sequentibus
1310 2823 1562 2873 cohaereant,
1602 2825 1643 2862 in
1676 2825 1756 2863 illis
1789 2825 1929 2864 cohae-

133 2892 261 2931 rentia
304 2905 351 2929 ea
391 2892 471 2930 iam
514 2893 638 2931 multo
680 2892 812 2931 laxior
844 2897 914 2929 est.
958 2893 1272 2943 praepositiones
1305 2892 1467 2945 quidem
1500 2899 1592 2931 ante
1623 2893 1876 2932 substantiva
1906 2908 1929 2932 a
