2051 3341
98 130 153 170 ⁷8

97 263 210 297 muta
241 272 273 296 c.
306 258 333 296 l.
367 259 610 312 incipientia
640 259 808 310 positae,
843 270 945 309 quae
977 258 1017 294 in
1049 255 1360 308 productionum
1390 259 1586 310 exemplis
1607 242 1924 312 sunt-frequen?

96 327 291 381 tissime,
329 329 372 367 in
404 326 722 380 correptionibus
754 332 843 364 octo
874 331 1029 363 tantum
1060 325 1158 363 locis
1189 326 1455 377 reperiuntur,
1493 334 1634 380 quater
1665 327 1826 381 quidem
1857 327 1899 366 in

98 396 225 437 altera
269 402 384 450 parte
424 397 550 437 thesis
592 394 809 435 secundae:
856 391 893 447 b)
935 394 980 431 II
1025 395 1107 432 140
1148 391 1220 434 ἐπὶ
1260 395 1410 449 χρώτί;
1457 393 1493 450 c)
1533 397 1667 436 XXII
1699 399 1765 450 >10
1795 396 1902 439 κατὰ

102 467 322 522 πρύμναν,
352 467 480 506 XXV
515 467 593 505 144
625 462 735 506 ποτὶ*
755 463 937 518 πλευρά;
970 460 1010 517 d)
1041 463 1127 502 XX
1161 465 1214 503 22
1246 464 1347 506 ποτὶ
1376 464 1583 520 πρέμνον;
1615 473 1675 507 ter
1705 468 1902 506 in'altera

98 541 214 588 parte
244 537 369 575 thesis
401 540 585 587 quartae:
610 531 650 587 a)
671 534 693 570 I
717 533 770 571 54
792 532 890 587 περὶ
912 532 1132 586 πλέγματι,
1153 533 1236 572 VII
1259 535 1311 572 64
1334 534 1433 588 περὶ
1453 534 1596 588 κρατί,
1613 533 1648 589 c)
1669 536 1795 575 XXV
1820 535 1899 576 1'76

98 605 197 659 περὶ
226 605 405 658 πλευρά;
439 604 560 643 semel
592 603 633 641 in
671 603 798 641 altera
829 602 942 641 brevi
974 602 1138 654 syllaba
1169 597 1285 655 pedis
1316 604 1448 643 tertii:
1478 601 1514 658 c)
1546 604 1678 645 XXH
1709 607 1764 657 30
1794 605 1901 647 κατὰ

97 674 312 727 κλίμακος.
359 679 495 712 contra
536 671 775 725 saepissime
821 670 1165 711 substantivorum
1197 673 1264 726 vel
1294 672 1507 713 verborum
1539 674 1691 727 formae
1728 688 1848 714 voces
1878 688 1902 713 a

97 749 208 782 muta
250 757 282 783 c.
326 743 353 784 l.
397 743 556 781 initium
605 741 888 795 capientesin
922 742 1223 794 correptionum
1254 743 1449 795 exemplis
1481 743 1742 794 antecedunt3
1781 748 1902 797 atque
1942 742 1949 758 ⁵

97 818 238 866 quater
269 812 429 851 deciens
460 812 673 861 vocabula,
711 824 878 864 quorum
902 812 942 849 in
967 812 1139 852 confinio
1161 812 1314 852 vocalis
1333 813 1555 866 corripitur,
1579 814 1901 867 interpunctione

95 884 359 935 seiunguntur
401 880 596 938 (septiens
640 882 780 921 fortius
823 895 870 920 ac
914 882 1061 920 totiens
1104 878 1236 921 lenius
1279 868 1605 937 interpungitur),
1638 884 1679 922 id
1720 884 1825 937 quod
1858 884 1899 922 in

97 953 293 1006 exemplis
323 952 634 1005 productionum
666 952 744 992 nisi
775 951 901 990 tribus
932 952 1046 1000 locis,
1081 966 1247 1004 quorum
1278 967 1393 1002 unus,
1426 953 1467 992 in
1491 967 1570 1006 quo
1601 968 1629 994 ν
1658 954 1902 1006 paragogica

94 1022 219 1062 inseri
248 1028 394 1075 potest,
425 1023 556 1062 minus
588 1023 629 1061 in
664 1035 828 1062 censum
860 1022 987 1071 venit,
1021 1036 1098 1061 non
1133 1023 1395 1075 repperimus.

219 1208 275 1247 In
306 1207 639 1260 producendis
671 1208 929 1247 vocalibus
959 1208 1203 1247 finalibus
1234 1209 1281 1247 in
1314 1208 1447 1248 thesi
1481 1215 1590 1248 ante
1620 1215 1791 1249 mutam
1815 1224 1847 1248 c.
1869 1209 1896 1250 l.

101 1278 383 1323 conlocatis
410 1277 650 1318 Theocritus
694 1279 791 1317 satis
839 1278 1019 1329 angustis
1065 1277 1211 1316 finibus
1256 1291 1344 1317 sese
1387 1279 1593 1317 continuit.
1644 1280 1901 1318 inveniuntur

98 1349 203 1386 enim
236 1347 355 1385 huius
383 1346 490 1384 modi
520 1347 804 1398 productiones
836 1348 876 1384 in
911 1346 1153 1384 carminibus
1186 1348 1270 1385 eius
1301 1348 1581 1399 paucissimae.
1614 1354 1706 1387 sunt
1737 1349 1898 1400 quidem

97 1416 193 1456 hae:
229 1418 264 1454 1.
298 1416 340 1455 in
382 1415 486 1454 thesi
516 1416 663 1468 prima:
709 1413 750 1470 a)
781 1416 824 1454 X
856 1417 909 1454 56
953 1421 1088 1456 ταῦτα
1118 1415 1196 1469 χρὴ
1226 1418 1496 1471 μοχθεῢντας
1525 1416 1573 1458 ἐν
1604 1417 1707 1472 ἁλίῳ
1738 1417 1901 1471 ἄνδρας

97 1485 271 1535 ἀείδειν,
313 1482 368 1537 ὂ),
392 1485 498 1523 XIV
529 1486 582 1522 56
624 1486 722 1525 οὔτε
765 1485 965 1532 κάκιστος
991 1484 997 1536 1
1025 1486 1123 1538 οὔτε
1169 1489 1331 1538 πρᾶτος
1362 1486 1479 1535 ἴσως,
1511 1486 1668 1538 ὁμαλὸς
1705 1486 1753 1526 δέ
1781 1500 1846 1534 τις
1877 1486 1900 1526 ὁ

82 1548 374 1610 στρατιώτας,
419 1555 472 1593 64
506 1553 576 1595 οἷα
606 1553 684 1608 χρὴ
715 1553 893 1608 βασιλῆ·
927 1553 1064 1594 αἰτεῖν
1095 1552 1142 1594 δὲ
1174 1553 1243 1594 δεῖ
1272 1553 1352 1594 οὐκ
1379 1552 1450 1594 ἐπὶ
1476 1555 1623 1604 παντί;
1660 1556 1698 1593 2.
1732 1555 1773 1593 in
1797 1554 1901 1593 thesi

97 1625 243 1663 altera:
287 1621 328 1676 a)
372 1623 455 1662 VII
500 1625 553 1661 24
596 1621 621 1677 ἧ
664 1624 769 1676 μετὰ
812 1623 938 1663 δαῖτα
968 1622 1119 1676 κλητὸς
1148 1622 1364 1676 ἐπείγεαι,·
1392 1625 1419 1676 ἤ
1455 1638 1575 1672 τινος
1619 1623 1763 1664 ἀστῶν
1806 1623 1899 1678 (hoc

97 1694 249 1733 habent
290 1692 417 1742 codd„
466 1693 573 1734 δαῖτ’
618 1693 798 1747 ἄκλητος
841 1693 903 1731 ed.
935 1689 1075 1747 Iunt.),
1109 1689 1145 1745 b)
1177 1691 1259 1730 XV
1295 1694 1374 1730 145
1407 1691 1645 1747 Πραξινόα,
1681 1693 1731 1734 τὸ
1761 1697 1900 1747 χρῆμα

98 1764 351 1818 σοφώτερον
381 1763 409 1804 ἁ
440 1763 594 1816 θήλεια
626 1763 803 1813 (Abrens
841 1763 883 1800 in
915 1762 977 1800 ed.
1009 1762 1102 1799 mai.
1137 1774 1186 1799 ex
1221 1761 1360 1800 Aderti
1392 1763 1558 1802 coniect.
1591 1761 1830 1817 Πραξινόα,
1859 1763 1901 1803 τὶ

17 1826 25 1829 „
95 1839 236 1887 χρῆμα
256 1843 356 1887 σοφ.
389 1833 416 1873 ἁ
436 1836 483 1873 θ.
505 1833 670 1884 recepit,
703 1831 892 1871 Meineke
923 1833 965 1869 in
987 1831 1053 1870 ed.
1085 1830 1167 1870 III.
1190 1831 1448 1870 scribendum
1471 1845 1561 1871 esse
1582 1833 1751 1871 coniecit
1783 1835 1898 1887 Πρα-

97 1900 233 1952 ξινόα,
263 1903 306 1942 τί
333 1907 473 1956 χρῆμα
504 1902 756 1955 σοφώτερον
786 1900 812 1954 ἢ
842 1897 1051 1954 θήλεια,·),
1083 1897 1117 1952 c)
1139 1899 1270 1938 XVII
1302 1901 1355 1939 75
1369 1901 1623 1954 γεινόμενον
1652 1901 1705 1941 τὰ
1734 1906 1895 1955 πρῶτα·

95 1971 231 2018 πολὺς
261 1971 310 2011 δέ
341 1970 383 2011 οἱ
414 1971 542 2024 ὄλβος
572 1970 739 2020 ὀπαδεῖ,
768 1970 895 2009 XXV
927 1972 978 2008 81
1011 1970 1106 2024 ᾔδει
1137 1971 1173 2010 δ’
1199 1967 1233 2025 ᾧ
1263 1984 1308 2010 τε
1338 1969 1416 2023 χρὴ
1446 1970 1767 2023 χαλεπαινέμεν,
1799 1969 1833 2024 ᾧ
1853 1985 1899 2011 τε

96 2040 168 2079 καὶ
199 2039 300 2080 οὐκί
310 2056 319 2088 3
353 2041 392 2080 3.
436 2041 478 2078 in
507 2039 614 2079 thesi
644 2041 781 2078 tertia:
814 2037 855 2093 a)
886 2040 929 2078 X
960 2042 1014 2078 44
1046 2040 1235 2097 σφίγγετ’
1268 2038 1550 2093 ἀμαλλοδέται
1578 2038 1631 2079 τὰ
1653 2039 1898 2093 δράγματα,

96 2109 153 2161 μὴ
174 2110 345 2162 παριών
364 2123 442 2158 τις,
473 2107 510 2161 b)
541 2110 586 2146 II
618 2111 671 2147 53
703 2110 817 2149 τοῦτ’
841 2109 926 2149 ἀπὸ
957 2113 1033 2156 τοῖς
1062 2110 1236 2162 χλαίνας
1268 2109 1318 2149 τὸ
1354 2108 1600 2161 κράσπεδον
1631 2109 1761 2149 ὤλεσε
1796 2110 1898 2149 Λέλ-

98 2191 184 2231 φις,
229 2176 268 2231 d)
305 2178 391 2215 XX
437 2179 488 2215 19
519 2178 735 2231 ποιμένες,
766 2177 913 2218 εἴπατέ
953 2192 1028 2230 μοι
1057 2177 1106 2218 τὸ
1137 2177 1347 2232 κρήγυον·
1380 2176 1433 2217 οὐ
1457 2176 1587 2224 καλὸς
1616 2176 1736 2230 ἐμμί,
1766 2180 1806 2216 4.
1857 2178 1898 2215 ἰη

97 2249 201 2285 thesi
234 2254 396 2298 quarta:
436 2245 477 2300 a)
508 2249 636 2302 Χ-29
671 2247 756 2288 ἀλλ’
789 2247 925 2300 ἔμπας
956 2247 1003 2287 ἐν
1034 2254 1125 2296 τοῖς
1156 2248 1386 2300 στεφάνοις
1425 2246 1478 2286 τὰ
1519 2251 1661 2300 πρᾶτα
1689 2247 1898 2300 λέγονται.

215 2318 306 2357 Hoc
351 2317 439 2357 loco
483 2317 591 2362 haud
635 2317 817 2369 ineptum
861 2330 949 2355 esse
990 2316 1151 2355 videtur
1181 2317 1221 2354 in
1265 2316 1496 2354 memoriam
1527 2323 1715 2355 revocare
1746 2317 1825 2354 iam
1857 2317 1898 2355 in

96 2388 264 2427 Homeri
297 2388 540 2427 carminibus
571 2388 855 2439 productiones
888 2389 974 2426 eius
1004 2388 1177 2438 gener-ie,
1211 2387 1261 2425 de
1293 2400 1371 2438 quo
1402 2375 1527 2425 verba
1555 2385 1667 2435 fiunt,
1700 2395 1762 2426 sat
1790 2400 1899 2428 raras
1940 2377 1944 2381 ⁴

98 2471 202 2507 essc;
232 2459 274 2496 in
306 2447 392 2497 toto
424 2459 530 2496 enim
562 2457 742 2497 Homero
773 2471 854 2497 non
885 2457 976 2509 plus
1008 2455 1080 2495 CV
1111 2456 1366 2509 reperiuntur
1379 2454 1410 2510 1)
1443 2466 1596 2508 eaeque
1625 2469 1782 2509 semper
1812 2456 1897 2495 fere

73 2528 137 2566 .in
170 2516 361 2567 thesibus*
382 2528 514 2581 prima
546 2534 586 2566 et
617 2528 757 2567 altera.
791 2521 977 2566 successu
1010 2532 1144 2566 autem
1175 2532 1399 2578 temporum
1427 2525 1606 2578 pondere
1635 2519 1773 2564 mutae
1801 2540 1836 2570 c.
1868 2526 1896 2563 l.

95 2597 294 2648 paulatim
324 2598 536 2637 imminuto
569 2599 690 2636 etiam
722 2597 1006 2650 productiones
1048 2590 1144 2635 illae
1181 2589 1312 2647 magis
1340 2596 1549 2647 magisque
1590 2602 1807 2636 rarescunt.
1852 2608 1899 2634 ac

95 2667 267 2707 Nonnus
299 2667 339 2705 in
371 2667 536 2707 totidem
567 2668 653 2707 fere
674 2667 871 2715 versibus,
905 2672 1005 2720 quot
1025 2666 1194 2705 Homeri
1230 2665 1408 2704 carmina
1429 2664 1634 2713 exhibent,
1666 2678 1715 2703 ea
1744 2665 1898 2703 ratione

93 2737 256 2776 vocales
288 2737 429 2776 finales
459 2738 537 2776 nisi
568 2739 728 2777 sexiens
758 2752 839 2777 non
871 2726 1059 2789 produxit
1074 2734 1122 2791 2),
1169 2749 1339 2788 quarum
1370 2726 1679 2787 productionum
1712 2731 1899 2787 quattuor

95 2821 147 2847 ex
167 2808 392 2853 imitatione
413 2805 580 2847 Homeri
603 2808 798 2861 originem
820 2812 1043 2855 traxerunt,
1067 2806 1171 2845 duae
1193 2804 1421 2844 nominibus
1442 2805 1617 2858 propriis
1640 2810 1895 2844 excusantur.

213 2936 238 2980 ¹)
266 2935 319 2969 Cf.
344 2933 544 2968 Hartelium
568 2913 599 2967 1.
618 2945 648 2967 c.
673 2934 689 2967 I
715 2936 758 2973 85
784 2944 859 2978 sqq.

214 2994 240 3039 ²)
266 2995 318 3027 Cf.
346 2993 567 3028 Scheindleri
591 2993 762 3034 ‘Quaestt.
789 2992 917 3026 Nonn'.
944 2994 970 3034 Ι,
996 3003 1029 3036 p.
1057 2994 1101 3026 20
1127 3002 1179 3035 sq.
