2051 3336
1884 95 1937 135 59

148 222 255 262 cadit
286 224 325 261 in
359 224 476 262 arsim
501 229 695 275 quartam,
720 225 957 276 insequente
980 225 1173 263 incisione
1195 223 1378 262 bucolica
1400 225 1470 261 vix
1492 225 1661 262 sentitur
1675 222 1716 276 ¹).
1750 237 1938 263 versuum

144 298 291 342 autem,
332 294 400 346 qui
437 300 528 345 post
557 294 700 346 pedem
735 300 919 346 quartum
951 294 1184 333 incisionem
1216 308 1295 333 non
1328 293 1531 342 exhibent,
1571 308 1663 346 pars
1696 294 1820 332 maior
1852 307 1937 332 cae-

79 394 82 396 .
140 376 234 401 sura
264 363 591 415 semiseptenaria
621 364 815 403 instructa
847 368 919 402 est.
951 376 1092 401 versus
1122 363 1267 414 reliqui
1298 369 1367 402 aut
1397 369 1486 415 post
1517 364 1638 401 arsim
1661 363 1842 414 quintam
1867 370 1936 400 aut

142 438 232 485 post
274 431 505 471 trochaeum
548 432 662 486 pedis
705 432 834 485 quinti
878 430 1128 481 inciduntur;
1176 445 1278 484 quae
1322 433 1539 471 incisiones
1578 431 1778 470 interdum
1817 433 1935 470 ctiam

144 503 514 554 semiseptenariam
546 510 746 541 secuntur.
780 508 872 540 sunt
900 515 998 539 vero
1031 515 1196 540 caesura
1227 503 1554 554 semiseptenaria
1585 502 1775 553 praediti:
1809 501 1854 555 a)
1889 516 1937 539 ex

144 569 406 612 COXXVIII
439 574 656 612 carminum
687 571 817 611 bucol.
840 570 1024 611 versibus
1049 584 1212 610 caesura
1233 571 1415 611 bucolica
1447 571 1675 611 carentibus
1707 585 1775 610 vv.
1810 571 1934 618 CXV,

144 641 184 691 b)
231 656 281 680 ex
324 642 566 681 CLXXXII
610 641 789 680 eiusdem
832 641 938 679 modi
984 655 1053 679 vv.
1104 642 1320 679 carminum
1361 643 1500 680 mimic.
1544 657 1610 682 vv.
1662 641 1768 689 CIV,
1815 641 1853 694 c)
1888 654 1936 678 ex

141 712 378 751 DXXXIII
406 727 473 752 vv.
507 711 726 751 carminum
759 710 860 763 epic,
894 724 959 749 vv.
995 708 1240 758 CCLXXX,
1280 709 1323 765 d)
1363 725 1413 749 ex
1448 710 1587 750 XCVI
1617 726 1682 749 vv.
1716 712 1936 749 carminum

142 780 235 820 dub.
268 796 334 821 vv.
365 782 482 821 LIII.

254 850 647 902 Interpunctionibus
686 855 820 888 autem
851 862 1015 888 caesura
1046 850 1376 901 semiseptenaria
1407 850 1533 887 rarius
1567 849 1779 888 adiuvatur
1811 864 1935 901 quam

144 920 431 968 semiternaria‚
476 919 517 958 id
559 919 665 972 quod
696 933 783 958 cum
815 932 862 957 ea
892 931 934 957 re
966 921 1176 957 cohaerere
1206 918 1379 971 videtur,
1425 918 1530 970 quod
1562 919 1799 957 Theocritus
1831 920 1936 958 simi-

146 989 237 1027 liter
279 995 397 1041 atque
427 989 627 1028 Homerus
641 986 676 1044 2)
720 989 761 1026 in
804 988 1034 1026 universum
1066 987 1227 1039 quidem
1274 989 1431 1040 saepius
1475 989 1514 1026 in
1560 989 1691 1039 priore
1735 1002 1854 1040 quam
1896 989 1936 1026 in

142 1059 267 1098 altera
308 1059 529 1097 hexametri
576 1064 691 1111 parte
731 1058 845 1096 finire
894 1057 995 1096 solet
1038 1058 1255 1096 sententias
1272 1056 1319 1112 3).
1377 1058 1675 1110 interpungitur
1718 1063 1851 1095 autem
1896 1058 1937 1095 in

146 1141 311 1167 caesura
332 1129 677 1179 semiseptenaria:
708 1125 753 1181 a)
782 1128 824 1165 in
857 1141 912 1166 cc.
931 1127 1060 1166 bucol.
1093 1126 1351 1165 dudeviciens
1384 1133 1457 1174 (ter
1487 1128 1662 1178 gravius,
1696 1127 1937 1178 quinquiens

141 1196 301 1236 deciens
332 1196 496 1248 lenius);
529 1194 570 1250 b)
611 1197 652 1235 in
684 1208 739 1237 cc.
771 1196 878 1236 mim.
917 1195 1070 1234 viciens
1114 1196 1236 1234 semel
1281 1194 1459 1249 (deciens
1497 1195 1672 1248 gravius,
1719 1194 1937 1251 undeciens

141 1262 312 1320 lenius);
359 1265 397 1319 c)
442 1267 483 1303 in
515 1279 570 1303 cc.
604 1266 705 1316 epic.
750 1265 901 1303 viciens
944 1265 1101 1303 sexiens
1134 1263 1308 1319 (sexiens
1353 1265 1527 1315 gravius,
1572 1266 1724 1303 viciens
1769 1262 1935 1317 lenius);

143 1332 186 1389 d)
220 1334 261 1372 in
292 1346 348 1372 cc.
382 1332 475 1372 dub.
508 1334 660 1373 octiens
693 1330 772 1389 (bis
802 1333 977 1386 gravius,
1011 1333 1169 1373 sexiens
1199 1329 1362 1390 lenius).

256 1403 532 1442 Enumerandi
563 1416 658 1442 vero
703 1404 779 1442 hoc
815 1404 903 1442 loco
934 1409 1026 1442 sunt
1063 1404 1090 1442 ii
1121 1417 1273 1453 versus,
1323 1417 1490 1455 quorum
1522 1403 1647 1442 verba
1679 1410 1718 1441 et
1749 1405 1787 1441 in
1821 1405 1935 1442 semi-

137 1473 313 1512 ternaria
356 1478 395 1511 et
436 1474 477 1511 in
518 1473 848 1525 semiseptenaria
894 1486 1058 1512 caesura
1101 1472 1399 1525 distinguuntur
1443 1473 1592 1524 quique
1636 1473 1835 1512 interdum
1880 1474 1936 1511 ita

138 1548 230 1581 sunt
267 1543 514 1591 conformati,
558 1549 602 1581 ut
633 1542 874 1582 vocabulum
907 1543 1221 1581 semiternariam
1254 1556 1459 1581 caesuram
1492 1543 1697 1594 excipiens
1729 1543 1937 1595 anaphora

143 1618 231 1664 post
262 1612 627 1664 semiseptenariam
649 1618 870 1664 repetatur:
902 1610 946 1666 a)
979 1615 1054 1651 VII
1078 1613 1129 1651 35
1154 1611 1239 1652 ἀλλ’
1264 1614 1339 1666 ἄγε
1373 1612 1426 1666 δή
1456 1635 1514 1641 —
1546 1610 1675 1661 ξυνὰ
1706 1612 1788 1666 γὰρ
1821 1612 1936 1664 ὁδός,

140 1680 263 1731 ξυνὰ
304 1681 351 1722 δὲ
392 1681 463 1722 καὶ
507 1680 604 1730 άώς,
636 1684 732 1720 VIII
763 1683 837 1729 45;
873 1684 932 1719 IX
967 1684 1037 1730 173
1073 1680 1115 1736 b)
1150 1684 1243 1720 XIV
1280 1684 1348 1730 163
1387 1684 1461 1720 XV
1494 1683 1567 1731 293
1614 1680 1652 1736 c)
1705 1684 1819 1721 XVII
1868 1685 1935 1732 10;

138 1753 254 1789 XXII
286 1752 358 1800 553
391 1749 434 1805 d)
466 1754 542 1789 XX
574 1753 615 1800 63
646 1754 798 1790 XXVII
831 1753 900 1791 41.

259 1823 306 1858 In
338 1820 641 1859 admittenda
677 1821 918 1860 incisione
954 1827 1064 1873 post
1101 1822 1243 1859 arsim
1277 1821 1494 1872 quintam
1536 1820 1677 1876 (quae
1710 1828 1781 1859 est
1814 1835 1934 1860 caes.

140 1888 563 1945 seminovenaria)
607 1891 847 1930 Theocritus
889 1897 1040 1930 ceteros
1084 1898 1224 1943 poetas
1262 1890 1577 1939 Alexandrinae,
1626 1904 1730 1942 quae
1775 1891 1931 1938 dicitur,

144 1959 329 2014 aetatis4)
362 1966 520 1999 secutus
552 1973 599 1998 ea
630 1961 813 1999 cautione
843 1973 937 1999 usus
964 1947 1040 2009 est,
1073 1967 1115 1998 ut
1135 1962 1283 1999 vitaret
1313 1961 1424 1998 illam
1453 1960 1716 2000 antecedente
1744 1961 1936 1999 incisione

139 2029 253 2081 pedis
285 2030 416 2081 quarti
449 2030 641 2078 mascula,
683 2031 723 2068 in
765 2030 903 2081 primis
942 2030 984 2067 in
1025 2030 1206 2068 versibus
1247 2031 1533 2082 semiquinaria
1576 2043 1736 2082 quoque
1770 2043 1935 2068 caesura

138 2098 345 2152 praeditis.
394 2098 465 2138 sed
502 2099 621 2138 etiarn
672 2100 713 2137 in
763 2099 1006 2139 hexametris
1045 2099 1249 2139 trochaica
1285 2101 1393 2139 tertii
1432 2100 1546 2152 pedis
1586 2113 1750 2139 caesura
1794 2099 1935 2140 divisis

139 2169 352 2208 rarissime
383 2168 490 2221 apud
540 2182 631 2207 eum
669 2169 1033 2208 seminovenariam
1076 2182 1280 2208 caesuram
1332 2169 1539 2222 praecedit
1587 2170 1935 2222 semiseptenaria.

138 2239 172 2277 si
218 2239 324 2277 enim
370 2238 597 2277 discesseris
640 2252 664 2277 a
697 2238 890 2287 versibus,
923 2252 1090 2290 quorum
1123 2240 1221 2277 arsis
1262 2245 1407 2291 quarta
1442 2239 1610 2278 articulo
1643 2240 1813 2278 efficitur
1844 2254 1934 2279 cum

141 2308 302 2346 nomine
353 2308 591 2359 insequente
636 2308 846 2347 coniuncto
895 2306 1026 2363 (velut
1067 2310 1087 2346 I
1130 2310 1183 2348 95
1227 2308 1299 2349 καὶ
1342 2308 1369 2349 ἁ
1408 2309 1579 2364 Κύπρις
1608 2308 1831 2363 γελάοισα)
1863 2311 1930 2349 vel

142 2377 252 2415 finali
289 2376 446 2429 syllaba
483 2377 790 2429 praepositionis
821 2377 1117 2416 substantivum
1150 2391 1264 2416 suum
1297 2378 1571 2417 antecedentis
1604 2377 1737 2433 (velut
1767 2382 1842 2417 VII
1876 2380 1928 2418 82

134 2444 242 2486 κατὰ
284 2446 492 2500 στόματος
532 2446 600 2501 χέε
628 2443 817 2502 νέκταρ),
862 2453 923 2485 sat
959 2448 1077 2499 pauci
1114 2453 1265 2486 restant
1297 2448 1374 2486 loci
1406 2447 1484 2486 huc
1513 2448 1773 2500 pertinentes,
1807 2455 1929 2501 atque

134 2516 176 2553 hi
221 2529 379 2567 quoque
415 2516 630 2555 maximam
667 2522 821 2568 partem
864 2518 919 2554 ita
956 2523 1049 2555 sunt
1088 2518 1320 2568 comparati,
1365 2523 1411 2554 ut
1448 2518 1640 2555 alterutra
1671 2531 1721 2555 ex
1754 2520 1931 2558 caesuris

252 2663 279 2710 ¹)
304 2665 360 2698 De
383 2665 606 2707 hexametris,
619 2665 655 2697 in
670 2664 798 2708 quibus
812 2675 893 2697 cum
919 2664 1016 2698 nulla
1039 2666 1123 2699 insit
1145 2666 1273 2698 incisio
1298 2665 1399 2708 pedis
1424 2666 1527 2707 tertii,
1550 2675 1720 2700 caesurae
1744 2668 1932 2710 primariae

134 2724 250 2758 locum
275 2724 566 2767 semiseptenaria
591 2723 735 2765 obtinet,
762 2723 804 2757 ef.
830 2735 864 2766 p.
889 2725 946 2757 46.

250 2782 279 2828 Β)
305 2783 358 2815 Cf.
383 2782 518 2815 Hartel.
544 2783 560 2815 I
586 2784 640 2815 95.

258 2839 288 2887 ³)
313 2840 356 2873 In
369 2840 454 2875 solis
472 2851 521 2874 cc.
539 2840 693 2875 bucolici
708 2841 847 2885 generis
864 2841 1117 2875 sententiarum
1144 2842 1256 2875 exitus
1270 2842 1413 2885 saepius
1437 2842 1474 2875 in
1498 2842 1647 2876 alterum
1671 2841 1932 2876 hemistichium

133 2898 188 2943 (in
211 2899 331 2932 sedem
356 2909 524 2932 caesurae
548 2898 681 2944 bucol.)
707 2900 832 2932 cadere
850 2900 950 2932 solet.
977 2910 1019 2932 ac
1035 2900 1195 2935 similiter
1212 2911 1267 2932 res
1286 2911 1323 2932 se
1344 2901 1452 2933 habet
1477 2901 1512 2933 in
1533 2901 1671 2943 edylliis
1697 2900 1827 2932 dubiae
1844 2901 1930 2945 orig.

247 2954 276 3000 ⁴)
301 2955 355 2990 cf.
380 2956 422 2990 G.
448 2958 569 3001 Meyer
592 2957 615 2991 l.
640 2968 670 2991 c.
695 2969 729 3001 p.
755 2959 821 2992 986
846 2968 921 3003 sqq.
