2051 3336
1880 91 1932 128 61

143 214 413 266 interpunctio
470 215 630 266 gravior
682 217 723 255 in
763 229 928 256 caesura
977 214 1179 255 trochaica
1219 216 1336 269 pedis
1380 216 1487 255 tertii
1532 216 1674 268 posita.
1726 222 1816 267 post
1856 222 1935 256 tro-

34 303 40 309 *
93 317 95 319 .
135 283 301 324 chaeum
331 283 447 336 pedis
479 286 608 336 quarti
650 299 868 338 numquam
912 286 1114 338 reperitur
1153 286 1437 338 interpunctio,
1489 286 1579 334 nisi,
1621 285 1653 324 si
1697 286 1930 325 vocativum

136 354 380 405 seiungimus
411 353 683 407 distinguendi
710 362 806 395 nota
836 355 887 394 ab
918 355 1234 407 insequentibus,
1268 357 1309 394 in
1341 370 1374 394 c.
1396 356 1561 395 XVIII.
1593 369 1633 393 v.
1668 354 1778 409 15¹).
1812 357 1932 395 etiam

135 429 226 476 post
254 424 430 476 priorem
459 425 580 465 thesis
603 426 768 478 quintae
788 430 943 478 partem
966 424 1165 464 interdum
1187 425 1500 478 interpungitur:
1532 423 1578 480 a)
1601 424 1640 464 V
1669 426 1743 475 303
1776 424 1816 480 b)
1849 426 1933 465 XV

135 494 175 542 3,
209 494 280 544 60;
319 491 358 548 c)
389 494 517 533 XVII
549 497 623 545 66;
655 495 783 534 XXV
825 497 926 544 211;
976 492 1020 549 d)
1051 494 1161 533 XXI
1203 497 1227 534 4
1260 495 1441 550 (gravius
1472 496 1513 534 in
1554 508 1623 535 vv.
1665 495 1748 534 XV
1780 497 1818 545 3,
1862 498 1930 545 60,

137 562 268 601 lenius
306 564 347 601 in
380 570 471 602 cett.
503 561 834 619 interpungitur).
871 565 913 602 in
943 565 1024 602 fine
1054 564 1229 616 denique
1258 565 1374 616 pedis
1407 566 1537 617 quinti
1570 566 1840 617 interpunctio
1871 566 1932 604 his

134 632 260 673 tribus
301 634 399 674 locis
440 635 655 688 reperitur:
689 632 735 689 a)
767 635 789 674 I
821 634 889 684 77,
920 633 1028 675 VHI
1060 635 1133 685 51;
1176 633 1217 689 b)
1250 635 1333 675 XV
1367 637 1403 674 1.
1448 649 1495 674 ac
1531 635 1685 675 duobus
1716 634 1930 688 prioribus,

136 704 204 757 qui
236 717 287 744 ex
317 704 478 757 edylliis
508 704 641 745 bucol.
673 704 791 757 petiti
822 710 928 753 sunt,
960 704 1058 744 locis
1090 705 1296 744 sententiis
1330 719 1354 744 a
1380 705 1483 758 pede
1505 711 1617 745 sexto
1639 705 1928 758 incipientibus

136 773 411 813 adlocutiones
434 775 689 813 continentur
709 774 1018 826 nominibusque
1040 787 1188 824 eorum,
1220 776 1287 827 qui
1309 774 1574 827 adpellantur‚
1598 780 1766 827 uterque
1790 788 1930 813 versus

133 844 286 883 finitur:
318 846 339 883 I
371 846 423 884 77
455 841 554 898 ἧνθ’
594 847 750 900 Ἑρμῆς
779 846 1009 901 πρώτιστος
1044 845 1114 886 ἀπ’
1144 847 1289 900 ὥρεος,
1328 843 1419 886 εἶπε
1456 845 1521 886 δέ·
1554 846 1704 899 Δάφνι
1741 844 1747 897 1
1785 846 1849 894 τίς
1878 860 1930 885 τυ

133 913 384 968 κατατρύχει
406 947 415 955 .
433 946 441 955 .
459 928 488 965 .;
520 915 628 955 VIII
651 916 701 954 51
740 913 787 955 ἐν
812 914 925 971 τήνῳ
953 914 1035 970 γὰρ
1055 920 1194 969 τῆνος,
1225 916 1285 955 ἴθ’
1300 911 1334 955 ὦ
1366 914 1465 955 καλὲ
1495 914 1566 954 καὶ
1592 914 1704 968 λέγε·
1728 915 1899 965 Μίλων,
1923 914 1927 968 Ι

134 981 158 1022 ὁ
189 983 395 1038 Πρωτεὺς
425 984 573 1038 φώκας
597 1016 606 1025 .
632 1016 642 1026 .
666 998 702 1034 .;
728 986 776 1024 -in
798 998 919 1026 versu
951 991 1083 1024 autem
1106 985 1188 1024 XV
1223 989 1243 1024 1
1278 985 1319 1023 in
1340 984 1442 1037 pede
1464 990 1576 1023 sexto
1609 983 1750 1022 eadem
1782 998 1875 1033 vox,
1909 998 1931 1022 a

134 1064 216 1105 qua
236 1066 373 1092 versus
404 1054 557 1107 incipit,
589 1055 799 1107 repetitur:
831 1052 1023 1109 (Gorgot)
1047 1054 1198 1096 Ἐνδοι
1220 1051 1463 1109 Πραξινόα;
1486 1052 1748 1109 (Praxinoaz)
1772 1054 1936 1107 Γοργοῖ

137 1121 258 1175 φίλα,
290 1121 348 1171 ὡς
376 1123 529 1179 χρόνῳ,
562 1122 694 1164 ἔνδοι.

246 1191 388 1230 Restat
407 1197 451 1229 ut
482 1205 596 1242 agam
630 1192 678 1230 de
710 1192 951 1231 incisione
982 1192 1121 1243 pedis
1153 1192 1315 1243 quarti
1346 1191 1607 1232 trochaica.
1639 1191 1743 1229 hanc
1766 1188 1930 1242 quide'm

133 1259 182 1298 ab
215 1259 398 1299 omnibus
428 1260 661 1299 melioribus
684 1259 927 1300 Graecorum
948 1262 1079 1313 poetis
1110 1262 1275 1299 vitatam
1310 1273 1395 1299 esse
1426 1261 1506 1299 iam
1524 1259 1579 1298 G.
1605 1251 1812 1298 Hermann
1848 1258 1930 1314 (De

134 1334 211 1371 aet.
244 1330 379 1382 script.
411 1329 562 1383 Argon.
595 1345 634 1383 p.
677 1327 777 1386 692)
814 1337 920 1370 recte
958 1330 1251 1369 animadvertit.
1292 1329 1400 1383 apud
1430 1330 1594 1369 Latinos
1626 1337 1757 1369 autem
1789 1337 1930 1383 poetas

132 1399 196 1438 vel
229 1399 335 1452 apud
367 1400 536 1453 optimos
568 1400 705 1439 eadem
738 1413 901 1439 caesura
930 1401 1026 1439 satis
1056 1400 1244 1453 frequens
1275 1398 1394 1454 est2).
1431 1398 1537 1452 quod
1576 1399 1801 1448 discrimen,
1837 1414 1927 1438 cum

123 1469 237 1507 -inter
259 1467 503 1508 Graecorum
535 1476 575 1508 et
595 1470 865 1508 Romanorum
896 1476 1022 1508 artem
1053 1470 1288 1519 intercedat,
1320 1470 1449 1521 ipsum
1471 1482 1606 1508 veram
1633 1483 1791 1508 causam
1813 1469 1929 1508 nobis

132 1537 309 1577 indicare
359 1537 531 1586 videtur,
582 1552 662 1590 qua
709 1539 880 1590 permoti
927 1544 1072 1587 poetae
1119 1537 1262 1577 Graeci
1305 1539 1541 1577 incisionem
1585 1538 1695 1576 illam
1737 1539 1926 1590 fugerint.

130 1619 365 1646 revocamur
407 1609 514 1646 enim
559 1608 633 1646 hoc
678 1607 906 1646 discrimine
950 1608 1000 1645 ad
1044 1621 1240 1661 caesuras,
1294 1607 1437 1659 quibus
1480 1607 1603 1645 incidi
1647 1608 1748 1646 solet
1791 1621 1929 1646 versus

130 1674 313 1716 heroicus
355 1677 396 1715 in
427 1677 531 1728 pede
562 1678 706 1725 tertio,
754 1691 923 1728 quarum
955 1690 1208 1715 caesurarum
1240 1691 1315 1715 usu
1346 1683 1541 1729 quantum
1573 1677 1758 1715 differant
1788 1684 1931 1728 poetae

130 1745 267 1785 Latini
299 1759 322 1784 a
351 1747 514 1785 Graecis
545 1746 640 1785 satis
671 1751 808 1785 notum
841 1752 912 1784 est.
945 1745 1052 1798 apud
1084 1746 1174 1786 illos
1220 1746 1381 1798 quidem
1414 1760 1503 1785 cum
1538 1746 1659 1797 longe
1689 1746 1929 1797 frequentis-

130 1816 231 1854 sima
263 1821 369 1856 esset
396 1828 559 1855 caesura
575 1815 873 1867 semiquinaria,
905 1816 1046 1855 incisio
1081 1821 1175 1868 post
1205 1815 1320 1868 pedis
1352 1816 1483 1867 quarti
1515 1815 1745 1854 trochaeum
1778 1816 1930 1854 nullam

129 1884 306 1925 habebat
349 1886 623 1928 offensionem.
668 1899 828 1939 prorsus
872 1886 952 1925 alia
995 1892 1129 1925 autem
1172 1900 1234 1925 res
1280 1892 1352 1934 est,
1398 1887 1429 1924 si
1468 1886 1546 1924 iam
1585 1886 1625 1924 in
1656 1885 1761 1938 pede
1792 1898 1930 1924 versus

129 1955 246 1994 tertio
276 1955 479 1994 trochaica
507 1956 612 1996 inest
652 1969 833 2007 cacsura;
870 1961 992 2009 atque
1022 1956 1123 1995 haec
1154 1957 1233 1994 iam
1270 1957 1311 1994 in
1335 1956 1513 1995 Homero
1535 1956 1656 2009 paulo
1684 1957 1931 2009 frequentior

72 2060 74 2062 ,
131 2038 252 2075 quam
273 2026 558 2077 semiquinaria
579 2031 805 2077 temporum
826 2039 1011 2064 successu
1034 2027 1161 2076 magis
1183 2027 1392 2076 magisque
1414 2026 1520 2076 apud
1544 2025 1720 2063 Graecos
1742 2025 1927 2063 obtinuit.

130 2094 172 2132 in
202 2094 443 2134 hexametris
474 2107 569 2133 vero
600 2094 676 2133 hac
708 2108 872 2133 caesura
904 2094 1043 2134 divisis
1078 2094 1251 2133 admissa
1286 2096 1406 2133 etiam
1433 2100 1524 2146 post
1550 2093 1784 2133 trochaeum
1814 2095 1931 2146 pedis

132 2163 266 2216 quarti
296 2163 490 2204 incisione
519 2167 791 2203 ‘numerorum
814 2164 876 2203 vis
907 2162 953 2203 ac
983 2163 1136 2213 robur',
1170 2169 1214 2203 ut
1244 2177 1334 2203 cum
1356 2164 1591 2203 Hermanno
1612 2163 1767 2216 loquar,
1802 2163 1931 2203 ‘nimis

132 2232 398 2274 debilitatur··.
444 2238 566 2285 atque
609 2233 704 2272 inde
746 2233 848 2271 illud
887 2240 1097 2286 poetarum
1137 2233 1384 2272 Graecorum
1425 2247 1611 2272 caesurae
1649 2234 1780 2285 quarti
1817 2233 1931 2285 pedis

130 2302 355 2343 trochaicae
404 2303 594 2343 vitandae
643 2303 831 2352 studium,
895 2303 1003 2355 quod
1051 2304 1246 2355 paulatim
1293 2305 1413 2342 etiam
1460 2304 1502 2342 in
1538 2302 1722 2342 versibus
1766 2316 1931 2342 caesura

131 2373 415 2424 semiquinaria
445 2372 641 2412 distinctis
672 2371 859 2421 obtinuit,
892 2374 995 2411 satis
1027 2372 1232 2411 commode
1265 2378 1399 2425 potest
1432 2372 1638 2424 explicari.

252 2442 494 2488 Theocritus
538 2449 577 2482 et
624 2444 710 2495 ipse
753 2443 1003 2491 incisionem,
1049 2443 1098 2482 de
1140 2457 1219 2495 qua
1262 2443 1405 2494 agitur,
1449 2448 1509 2481 sat
1547 2442 1733 2492 religiose
1771 2443 1929 2480 vitavit.

132 2512 363 2563 saepissime
394 2513 500 2551 enim
522 2512 627 2564 apud
661 2524 764 2560 eum,
804 2512 837 2550 si
867 2511 1054 2551 vocabuli
1084 2511 1173 2550 finis
1208 2525 1295 2550 cum
1327 2511 1515 2549 trochaeo
1548 2516 1689 2562 quarto
1722 2511 1928 2558 convenit,

133 2580 258 2621 altera
299 2590 390 2635 pars
434 2581 559 2621 thesis
602 2587 765 2634 quartae
809 2581 952 2621 vocula
988 2580 1266 2634 monosyllaba
1307 2581 1488 2621 efficitur.
1534 2586 1656 2633 atque
1701 2579 1803 2620 haec
1833 2581 1931 2621 locis

132 2652 314 2705 plurimis
357 2655 417 2689 est
453 2651 638 2689 enclitica
670 2651 736 2690 vel
766 2663 846 2688 una
878 2663 930 2688 ex
973 2651 1183 2703 particulis
1213 2650 1306 2703 μέν,
1351 2649 1413 2701 δέ,
1456 2650 1539 2704 γάρ
1587 2662 1676 2688 cum
1709 2650 1779 2702 eis,
1828 2662 1931 2702 quae

133 2722 390 2774 praecedunt,
423 2722 623 2761 artissime
644 2735 808 2770 conexa,
841 2721 898 2759 ita
929 2721 1104 2772 quidem,
1137 2728 1181 2760 ut
1212 2721 1353 2760 incisio
1376 2727 1468 2771 post
1491 2727 1679 2771 quartum
1701 2721 1931 2759 trochaeum
1969 2760 1971 2762 .

250 2823 279 2871 1)
304 2824 373 2859 Sed
409 2824 452 2859 cf.
489 2833 581 2867 quae
614 2823 766 2866 Bekker,
804 2824 866 2867 qui
902 2824 977 2857 eius
1013 2822 1108 2857 modi
1145 2822 1446 2866 interpunctiones
1481 2823 1598 2866 reicit,
1637 2822 1798 2865 exposuit
1836 2822 1858 2855 1.
1898 2833 1928 2855 c.

159 2883 227 2915 269
253 2892 305 2925 sq.

248 2938 276 2984 ¹)
303 2940 357 2974 Of.
383 2940 471 2976 Luc.
495 2940 660 2974 Muelleri
685 2940 752 2974 ‘De
776 2951 815 2974 re
839 2941 951 2977 metr’.
975 2953 1008 2985 p.
1037 2942 1101 2974 191
1118 2951 1168 2983 sq.
