<?xml version="1.0" encoding="UTF-8"?>
<!DOCTYPE html PUBLIC "-//W3C//DTD XHTML 1.0 Transitional//EN"
    "http://www.w3.org/TR/xhtml1/DTD/xhtml1-transitional.dtd">
<html xmlns="http://www.w3.org/1999/xhtml" xml:lang="en" lang="en">
 <head>
  <title>
</title>
<meta http-equiv="Content-Type" content="text/html;charset=utf-8" />
  <meta name='ocr-system' content='tesseract 3.04.00' />
  <meta name='ocr-capabilities' content='ocr_page ocr_carea ocr_par ocr_line ocrx_word'/>
</head>
<body>
  <div class='ocr_page' id='page_1' title='image "./4627549_0080.png"; bbox 0 0 2051 3341; ppageno 0'>
   <div class='ocr_carea' id='block_1_1' title="bbox 1865 0 2051 1906">
    <p class='ocr_par' dir='ltr' id='par_1_1' title="bbox 1865 0 2051 1906">
     <span class='ocr_line' id='line_1_1' title="bbox 1865 0 2051 117; baseline 0 3224"><span class='ocrx_word' id='word_1_1' title='bbox 1865 0 2051 117; x_wconf 95' lang='lat' dir='ltr'><strong> </strong></span> 
     </span>
     <span class='ocr_line' id='line_1_2' title="bbox 1890 117 2051 454; baseline 0.062 -9"><span class='ocrx_word' id='word_1_2' title='bbox 1890 117 2051 454; x_wconf 95' lang='lat' dir='ltr'><strong>    </strong></span> 
     </span>
     <span class='ocr_line' id='line_1_3' title="bbox 1974 454 2051 1906; baseline 0 0"><span class='ocrx_word' id='word_1_3' title='bbox 1974 454 2051 1906; x_wconf 95' lang='lat' dir='ltr'><strong>    </strong></span> 
     </span>
    </p>
   </div>
   <div class='ocr_carea' id='block_1_2' title="bbox 91 75 145 114">
    <p class='ocr_par' dir='ltr' id='par_1_2' title="bbox 91 75 145 114">
     <span class='ocr_line' id='line_1_4' title="bbox 91 75 145 114; baseline 0.019 -1"><span class='ocrx_word' id='word_1_4' title='bbox 91 75 145 114; x_wconf 84' lang='lat'><strong>68</strong></span> 
     </span>
    </p>
   </div>
   <div class='ocr_carea' id='block_1_3' title="bbox 90 199 2051 2756">
    <p class='ocr_par' dir='ltr' id='par_1_3' title="bbox 90 188 2024 883">
     <span class='ocr_line' id='line_1_5' title="bbox 91 199 1890 258; baseline 0.002 -18"><span class='ocrx_word' id='word_1_5' title='bbox 91 207 130 240; x_wconf 89' lang='lat' dir='ltr'><strong>et</strong></span> <span class='ocrx_word' id='word_1_6' title='bbox 175 201 470 254; x_wconf 78' lang='lat' dir='ltr'>quinquagiens</span> <span class='ocrx_word' id='word_1_7' title='bbox 506 201 615 240; x_wconf 86' lang='lat' dir='ltr'><strong>hunc</strong></span> <span class='ocrx_word' id='word_1_8' title='bbox 656 202 696 239; x_wconf 90' lang='lat' dir='ltr'><strong>in</strong></span> <span class='ocrx_word' id='word_1_9' title='bbox 742 200 902 239; x_wconf 87' lang='lat' dir='ltr'><strong>modum</strong></span> <span class='ocrx_word' id='word_1_10' title='bbox 951 200 1093 240; x_wconf 85' lang='lat' dir='ltr'><strong>breves</strong></span> <span class='ocrx_word' id='word_1_11' title='bbox 1136 199 1321 252; x_wconf 73' lang='lat' dir='ltr'><strong>syllabae</strong></span> <span class='ocrx_word' id='word_1_12' title='bbox 1380 201 1522 242; x_wconf 82' lang='lat' dir='ltr'><strong>finales</strong></span> <span class='ocrx_word' id='word_1_13' title='bbox 1550 200 1890 258; x_wconf 54' lang='lat' dir='ltr'><strong>producuntuffl).</strong></span> 
     </span>
     <span class='ocr_line' id='line_1_6' title="bbox 90 269 1891 327; baseline 0.001 -16"><span class='ocrx_word' id='word_1_14' title='bbox 90 277 212 326; x_wconf 86' lang='lat' dir='ltr'><strong>atque</strong></span> <span class='ocrx_word' id='word_1_15' title='bbox 243 273 331 327; x_wconf 88' lang='lat' dir='ltr'><strong>ipsc</strong></span> <span class='ocrx_word' id='word_1_16' title='bbox 362 273 546 324; x_wconf 86' lang='lat' dir='ltr'><strong>Nonnus,</strong></span> <span class='ocrx_word' id='word_1_17' title='bbox 580 285 697 326; x_wconf 88' lang='lat' dir='ltr'><strong>quem</strong></span> <span class='ocrx_word' id='word_1_18' title='bbox 730 285 780 310; x_wconf 87' lang='lat' dir='ltr'><strong>ex</strong></span> <span class='ocrx_word' id='word_1_19' title='bbox 824 271 976 312; x_wconf 87' lang='lat' dir='ltr'><strong>arsibus</strong></span> <span class='ocrx_word' id='word_1_20' title='bbox 1019 270 1149 320; x_wconf 81' lang='lat' dir='ltr'><strong>tertia,</strong></span> <span class='ocrx_word' id='word_1_21' title='bbox 1183 269 1338 324; x_wconf 87' lang='lat' dir='ltr'><strong>quinta,</strong></span> <span class='ocrx_word' id='word_1_22' title='bbox 1368 278 1482 312; x_wconf 85' lang='lat' dir='ltr'><strong>sexta</strong></span> <span class='ocrx_word' id='word_1_23' title='bbox 1520 273 1638 313; x_wconf 86' lang='lat' dir='ltr'><strong>huius</strong></span> <span class='ocrx_word' id='word_1_24' title='bbox 1666 273 1774 314; x_wconf 87' lang='lat' dir='ltr'><strong>modi</strong></span> <span class='ocrx_word' id='word_1_25' title='bbox 1801 286 1891 327; x_wconf 84' lang='lat' dir='ltr'><strong>pro·</strong></span> 
     </span>
     <span class='ocr_line' id='line_1_7' title="bbox 90 337 1890 397; baseline 0 -15"><span class='ocrx_word' id='word_1_26' title='bbox 90 342 301 383; x_wconf 78' lang='lat' dir='ltr'><strong>ductiones</strong></span> <span class='ocrx_word' id='word_1_27' title='bbox 350 357 513 397; x_wconf 88' lang='lat' dir='ltr'><strong>prorsus</strong></span> <span class='ocrx_word' id='word_1_28' title='bbox 552 342 762 395; x_wconf 71' lang='lat' dir='ltr'><strong>expulisse</strong></span> <span class='ocrx_word' id='word_1_29' title='bbox 806 340 1042 381; x_wconf 88' lang='lat' dir='ltr'><strong>Scheindler</strong></span> <span class='ocrx_word' id='word_1_30' title='bbox 1078 337 1423 395; x_wconf 60' lang='lat' dir='ltr'><strong>demonstraviffl),</strong></span> <span class='ocrx_word' id='word_1_31' title='bbox 1474 342 1517 381; x_wconf 91' lang='lat' dir='ltr'><strong>in</strong></span> <span class='ocrx_word' id='word_1_32' title='bbox 1558 342 1728 397; x_wconf 86' lang='lat' dir='ltr'><strong>pedibus</strong></span> <span class='ocrx_word' id='word_1_33' title='bbox 1765 343 1890 384; x_wconf 80' lang='lat' dir='ltr'><strong>altero</strong></span> 
     </span>
     <span class='ocr_line' id='line_1_8' title="bbox 92 410 1983 466; baseline 0 -13"><span class='ocrx_word' id='word_1_34' title='bbox 92 419 132 453; x_wconf 89' lang='lat' dir='ltr'><strong>et</strong></span> <span class='ocrx_word' id='word_1_35' title='bbox 176 420 321 466; x_wconf 88' lang='lat' dir='ltr'><strong>quarto</strong></span> <span class='ocrx_word' id='word_1_36' title='bbox 369 413 689 465; x_wconf 85' lang='lat' dir='ltr'><strong>frequentissime</strong></span> <span class='ocrx_word' id='word_1_37' title='bbox 731 412 771 450; x_wconf 92' lang='lat' dir='ltr'><strong>in</strong></span> <span class='ocrx_word' id='word_1_38' title='bbox 817 425 961 450; x_wconf 87' lang='lat' dir='ltr'><strong>vocum</strong></span> <span class='ocrx_word' id='word_1_39' title='bbox 992 411 1162 450; x_wconf 88' lang='lat' dir='ltr'><strong>confinio</strong></span> <span class='ocrx_word' id='word_1_40' title='bbox 1194 410 1394 463; x_wconf 83' lang='lat' dir='ltr'><strong>syllabam</strong></span> <span class='ocrx_word' id='word_1_41' title='bbox 1424 411 1590 451; x_wconf 83' lang='lat' dir='ltr'><strong>brevem</strong></span> <span class='ocrx_word' id='word_1_42' title='bbox 1620 419 1712 453; x_wconf 86' lang='lat' dir='ltr'><strong>ante</strong></span> <span class='ocrx_word' id='word_1_43' title='bbox 1741 411 1910 453; x_wconf 76' lang='lat' dir='ltr'><strong>mutam</strong></span> <span class='ocrx_word' id='word_1_44' title='bbox 1965 418 1983 442; x_wconf 74' lang='grc'><strong>-“·</strong></span> 
     </span>
     <span class='ocr_line' id='line_1_9' title="bbox 94 479 1938 536; baseline 0 -14"><span class='ocrx_word' id='word_1_45' title='bbox 94 497 127 524; x_wconf 89' lang='lat' dir='ltr'><strong>c.</strong></span> <span class='ocrx_word' id='word_1_46' title='bbox 159 483 185 524; x_wconf 92' lang='lat' dir='ltr'><strong>l.</strong></span> <span class='ocrx_word' id='word_1_47' title='bbox 218 482 426 536; x_wconf 85' lang='lat' dir='ltr'><strong>produxit.</strong></span> <span class='ocrx_word' id='word_1_48' title='bbox 472 480 579 534; x_wconf 83' lang='lat' dir='ltr'><strong>apud</strong></span> <span class='ocrx_word' id='word_1_49' title='bbox 622 480 886 519; x_wconf 80' lang='lat' dir='ltr'><strong>Theocritum</strong></span> <span class='ocrx_word' id='word_1_50' title='bbox 926 493 1021 519; x_wconf 89' lang='lat' dir='ltr'><strong>vero</strong></span> <span class='ocrx_word' id='word_1_51' title='bbox 1064 479 1247 519; x_wconf 83' lang='lat' dir='ltr'><strong>vocalem</strong></span> <span class='ocrx_word' id='word_1_52' title='bbox 1288 480 1452 520; x_wconf 85' lang='lat' dir='ltr'><strong>brevem</strong></span> <span class='ocrx_word' id='word_1_53' title='bbox 1481 480 1523 520; x_wconf 90' lang='lat' dir='ltr'><strong>in</strong></span> <span class='ocrx_word' id='word_1_54' title='bbox 1555 482 1666 521; x_wconf 88' lang='lat' dir='ltr'><strong>exitu</strong></span> <span class='ocrx_word' id='word_1_55' title='bbox 1701 482 1890 523; x_wconf 76' lang='lat' dir='ltr'><strong>vocabuli</strong></span> <span class='ocrx_word' id='word_1_56' title='bbox 1928 486 1938 492; x_wconf 72' lang='grc'>”</span> 
     </span>
     <span class='ocr_line' id='line_1_10' title="bbox 96 536 2017 606; baseline 0.001 -15"><span class='ocrx_word' id='word_1_57' title='bbox 96 553 356 600; x_wconf 85' lang='lat' dir='ltr'><strong>conlocatam,</strong></span> <span class='ocrx_word' id='word_1_58' title='bbox 391 551 547 590; x_wconf 86' lang='lat' dir='ltr'><strong>etiamsi</strong></span> <span class='ocrx_word' id='word_1_59' title='bbox 591 549 745 589; x_wconf 82' lang='lat' dir='ltr'><strong>duabus</strong></span> <span class='ocrx_word' id='word_1_60' title='bbox 778 551 961 589; x_wconf 84' lang='lat' dir='ltr'><strong>consonis</strong></span> <span class='ocrx_word' id='word_1_61' title='bbox 992 550 1112 588; x_wconf 90' lang='lat' dir='ltr'><strong>mutis</strong></span> <span class='ocrx_word' id='word_1_62' title='bbox 1134 549 1436 602; x_wconf 83' lang='lat' dir='ltr'><strong>insequentibus</strong></span> <span class='ocrx_word' id='word_1_63' title='bbox 1456 549 1712 603; x_wconf 72' lang='lat' dir='ltr'><strong>producatur,</strong></span> <span class='ocrx_word' id='word_1_64' title='bbox 1735 564 1895 606; x_wconf 86' lang='lat' dir='ltr'><strong>semper</strong></span> <span class='ocrx_word' id='word_1_65' title='bbox 1928 561 1931 563; x_wconf 85' lang='grc'><strong>’</strong></span> <span class='ocrx_word' id='word_1_66' title='bbox 1970 536 2017 596; x_wconf 41' lang='lat' dir='ltr'><strong>j5²·</strong></span> 
     </span>
     <span class='ocr_line' id='line_1_11' title="bbox 90 618 1955 674; baseline 0 -13"><span class='ocrx_word' id='word_1_67' title='bbox 90 623 174 661; x_wconf 88' lang='lat' dir='ltr'><strong>fere</strong></span> <span class='ocrx_word' id='word_1_68' title='bbox 215 623 254 660; x_wconf 90' lang='lat' dir='ltr'><strong>in</strong></span> <span class='ocrx_word' id='word_1_69' title='bbox 301 621 380 660; x_wconf 86' lang='lat' dir='ltr'><strong>arsi</strong></span> <span class='ocrx_word' id='word_1_70' title='bbox 424 624 492 658; x_wconf 86' lang='lat' dir='ltr'><strong>aut</strong></span> <span class='ocrx_word' id='word_1_71' title='bbox 534 619 662 658; x_wconf 86' lang='lat' dir='ltr'><strong>altera</strong></span> <span class='ocrx_word' id='word_1_72' title='bbox 709 625 776 658; x_wconf 80' lang='lat' dir='ltr'><strong>aut</strong></span> <span class='ocrx_word' id='word_1_73' title='bbox 822 624 965 673; x_wconf 81' lang='lat' dir='ltr'><strong>quarta</strong></span> <span class='ocrx_word' id='word_1_74' title='bbox 1006 619 1174 673; x_wconf 89' lang='lat' dir='ltr'><strong>reperiri</strong></span> <span class='ocrx_word' id='word_1_75' title='bbox 1217 619 1321 658; x_wconf 86' lang='lat' dir='ltr'><strong>infra</strong></span> <span class='ocrx_word' id='word_1_76' title='bbox 1365 618 1605 661; x_wconf 84' lang='lat' dir='ltr'><strong>videbimus.</strong></span> <span class='ocrx_word' id='word_1_77' title='bbox 1650 620 1895 674; x_wconf 77' lang='lat' dir='ltr'><strong>explicanda</strong></span> <span class='ocrx_word' id='word_1_78' title='bbox 1937 621 1955 625; x_wconf 73' lang='grc'><strong>”</strong></span> 
     </span>
     <span class='ocr_line' id='line_1_12' title="bbox 92 689 1894 748; baseline -0.002 -18"><span class='ocrx_word' id='word_1_79' title='bbox 92 700 224 730; x_wconf 88' lang='lat' dir='ltr'><strong>autem</strong></span> <span class='ocrx_word' id='word_1_80' title='bbox 270 691 364 729; x_wconf 92' lang='lat' dir='ltr'><strong>inde</strong></span> <span class='ocrx_word' id='word_1_81' title='bbox 397 704 446 729; x_wconf 86' lang='lat' dir='ltr'><strong>ea</strong></span> <span class='ocrx_word' id='word_1_82' title='bbox 483 704 545 728; x_wconf 91' lang='lat' dir='ltr'><strong>res</strong></span> <span class='ocrx_word' id='word_1_83' title='bbox 589 704 676 729; x_wconf 88' lang='lat' dir='ltr'><strong>esse</strong></span> <span class='ocrx_word' id='word_1_84' title='bbox 717 690 892 738; x_wconf 86' lang='lat' dir='ltr'><strong>videtur,</strong></span> <span class='ocrx_word' id='word_1_85' title='bbox 938 689 1044 742; x_wconf 89' lang='lat' dir='ltr'><strong>quod</strong></span> <span class='ocrx_word' id='word_1_86' title='bbox 1088 690 1193 728; x_wconf 76' lang='lat' dir='ltr'><strong>inter</strong></span> <span class='ocrx_word' id='word_1_87' title='bbox 1233 703 1366 739; x_wconf 84' lang='lat' dir='ltr'><strong>voces,</strong></span> <span class='ocrx_word' id='word_1_88' title='bbox 1411 703 1515 742; x_wconf 87' lang='lat' dir='ltr'><strong>quae</strong></span> <span class='ocrx_word' id='word_1_89' title='bbox 1544 690 1787 748; x_wconf 84' lang='lat' dir='ltr'><strong>antecedunt</strong></span> <span class='ocrx_word' id='word_1_90' title='bbox 1827 691 1894 730; x_wconf 83' lang='lat' dir='ltr'><strong>vel</strong></span> 
     </span>
     <span class='ocr_line' id='line_1_13' title="bbox 90 747 2019 814; baseline -0.001 -14"><span class='ocrx_word' id='word_1_91' title='bbox 90 766 276 800; x_wconf 88' lang='lat' dir='ltr'><strong>secuntur</strong></span> <span class='ocrx_word' id='word_1_92' title='bbox 321 760 554 813; x_wconf 82' lang='lat' dir='ltr'><strong>primariam</strong></span> <span class='ocrx_word' id='word_1_93' title='bbox 604 772 743 799; x_wconf 87' lang='lat' dir='ltr'><strong>versus</strong></span> <span class='ocrx_word' id='word_1_94' title='bbox 787 759 938 799; x_wconf 86' lang='lat' dir='ltr'><strong>heroici</strong></span> <span class='ocrx_word' id='word_1_95' title='bbox 984 771 1201 813; x_wconf 82' lang='lat' dir='ltr'><strong>caesuram,</strong></span> <span class='ocrx_word' id='word_1_96' title='bbox 1246 759 1479 814; x_wconf 85' lang='lat' dir='ltr'><strong>saepissime</strong></span> <span class='ocrx_word' id='word_1_97' title='bbox 1520 764 1649 800; x_wconf 86' lang='lat' dir='ltr'><strong>artum</strong></span> <span class='ocrx_word' id='word_1_98' title='bbox 1681 760 1893 801; x_wconf 87' lang='lat' dir='ltr'><strong>vinculum</strong></span> <span class='ocrx_word' id='word_1_99' title='bbox 1934 747 2019 798; x_wconf 57' lang='grc' dir='ltr'><strong>ζ’ἶῖ</strong></span> 
     </span>
     <span class='ocr_line' id='line_1_14' title="bbox 93 817 2023 883; baseline 0 -15"><span class='ocrx_word' id='word_1_100' title='bbox 93 832 361 883; x_wconf 83' lang='lat' dir='ltr'><strong>syntacticum</strong></span> <span class='ocrx_word' id='word_1_101' title='bbox 391 830 617 869; x_wconf 83' lang='lat' dir='ltr'><strong>intercedit.</strong></span> <span class='ocrx_word' id='word_1_102' title='bbox 653 842 732 881; x_wconf 85' lang='lat' dir='ltr'><strong>qua</strong></span> <span class='ocrx_word' id='word_1_103' title='bbox 763 830 813 868; x_wconf 90' lang='lat' dir='ltr'><strong>de</strong></span> <span class='ocrx_word' id='word_1_104' title='bbox 844 843 888 868; x_wconf 90' lang='lat' dir='ltr'><strong>re</strong></span> <span class='ocrx_word' id='word_1_105' title='bbox 918 830 1025 868; x_wconf 87' lang='lat' dir='ltr'><strong>infra</strong></span> <span class='ocrx_word' id='word_1_106' title='bbox 1054 830 1174 881; x_wconf 87' lang='lat' dir='ltr'><strong>plura</strong></span> <span class='ocrx_word' id='word_1_107' title='bbox 1205 820 1414 881; x_wconf 79' lang='lat' dir='ltr'><strong>exponam.</strong></span> <span class='ocrx_word' id='word_1_108' title='bbox 2018 817 2023 824; x_wconf 27' lang='lat'><strong>²</strong></span> 
     </span>
    </p>

    <p class='ocr_par' dir='ltr' id='par_1_4' title="bbox 90 896 2051 2185">
     <span class='ocr_line' id='line_1_15' title="bbox 205 896 2025 954; baseline 0.001 -16"><span class='ocrx_word' id='word_1_109' title='bbox 205 899 254 938; x_wconf 89' lang='lat' dir='ltr'><strong>In</strong></span> <span class='ocrx_word' id='word_1_110' title='bbox 298 897 628 952; x_wconf 89' lang='lat' dir='ltr'><strong>productionibus</strong></span> <span class='ocrx_word' id='word_1_111' title='bbox 673 904 817 949; x_wconf 86' lang='lat' dir='ltr'><strong>autem,</strong></span> <span class='ocrx_word' id='word_1_112' title='bbox 864 911 963 952; x_wconf 83' lang='lat' dir='ltr'><strong>quas</strong></span> <span class='ocrx_word' id='word_1_113' title='bbox 1006 896 1146 947; x_wconf 83' lang='lat' dir='ltr'><strong>adtuli,</strong></span> <span class='ocrx_word' id='word_1_114' title='bbox 1190 898 1392 938; x_wconf 88' lang='lat' dir='ltr'><strong>rarissime</strong></span> <span class='ocrx_word' id='word_1_115' title='bbox 1436 898 1589 939; x_wconf 84' lang='lat' dir='ltr'><strong>vocalis</strong></span> <span class='ocrx_word' id='word_1_116' title='bbox 1625 898 1820 952; x_wconf 86' lang='lat' dir='ltr'><strong>producta</strong></span> <span class='ocrx_word' id='word_1_117' title='bbox 1850 900 1892 940; x_wconf 91' lang='lat' dir='ltr'><strong>in</strong></span> <span class='ocrx_word' id='word_1_118' title='bbox 1995 946 2025 954; x_wconf 10' lang='grc' dir='ltr'>Ἡ</span> 
     </span>
     <span class='ocr_line' id='line_1_16' title="bbox 91 967 1941 1023; baseline 0.001 -16"><span class='ocrx_word' id='word_1_119' title='bbox 91 970 170 1008; x_wconf 86' lang='lat' dir='ltr'><strong>arsi</strong></span> <span class='ocrx_word' id='word_1_120' title='bbox 201 975 316 1008; x_wconf 84' lang='lat' dir='ltr'><strong>sexta</strong></span> <span class='ocrx_word' id='word_1_121' title='bbox 335 970 467 1021; x_wconf 83' lang='lat' dir='ltr'><strong>posita</strong></span> <span class='ocrx_word' id='word_1_122' title='bbox 496 975 571 1009; x_wconf 90' lang='lat' dir='ltr'><strong>est.</strong></span> <span class='ocrx_word' id='word_1_123' title='bbox 604 969 646 1007; x_wconf 90' lang='lat' dir='ltr'><strong>in</strong></span> <span class='ocrx_word' id='word_1_124' title='bbox 667 968 830 1021; x_wconf 86' lang='lat' dir='ltr'><strong>edylliis</strong></span> <span class='ocrx_word' id='word_1_125' title='bbox 863 967 1025 1021; x_wconf 71' lang='lat' dir='ltr'><strong>quIdem</strong></span> <span class='ocrx_word' id='word_1_126' title='bbox 1053 967 1186 1008; x_wconf 89' lang='lat' dir='ltr'><strong>bucol.</strong></span> <span class='ocrx_word' id='word_1_127' title='bbox 1219 974 1259 1007; x_wconf 91' lang='lat' dir='ltr'><strong>et</strong></span> <span class='ocrx_word' id='word_1_128' title='bbox 1287 968 1395 1009; x_wconf 90' lang='lat' dir='ltr'><strong>mim.</strong></span> <span class='ocrx_word' id='word_1_129' title='bbox 1429 981 1666 1022; x_wconf 83' lang='lat' dir='ltr'><strong>numquam,</strong></span> <span class='ocrx_word' id='word_1_130' title='bbox 1700 970 1742 1008; x_wconf 90' lang='lat' dir='ltr'><strong>in</strong></span> <span class='ocrx_word' id='word_1_131' title='bbox 1773 969 1897 1023; x_wconf 77' lang='lat' dir='ltr'><strong>epicis</strong></span> <span class='ocrx_word' id='word_1_132' title='bbox 1938 999 1941 1001; x_wconf 87' lang='lat'>-</span> 
     </span>
     <span class='ocr_line' id='line_1_17' title="bbox 91 1037 1930 1095; baseline 0 -17"><span class='ocrx_word' id='word_1_133' title='bbox 91 1053 171 1078; x_wconf 91' lang='lat' dir='ltr'><strong>non</strong></span> <span class='ocrx_word' id='word_1_134' title='bbox 215 1039 374 1091; x_wconf 88' lang='lat' dir='ltr'><strong>saepius</strong></span> <span class='ocrx_word' id='word_1_135' title='bbox 422 1052 543 1091; x_wconf 90' lang='lat' dir='ltr'><strong>quam</strong></span> <span class='ocrx_word' id='word_1_136' title='bbox 587 1038 729 1077; x_wconf 88' lang='lat' dir='ltr'><strong>semel:</strong></span> <span class='ocrx_word' id='word_1_137' title='bbox 762 1038 894 1095; x_wconf 85' lang='lat' dir='ltr'>XXII</span> <span class='ocrx_word' id='word_1_138' title='bbox 928 1038 1039 1086; x_wconf 89' lang='grc'><strong>171;</strong></span> <span class='ocrx_word' id='word_1_139' title='bbox 1073 1037 1229 1077; x_wconf 86' lang='lat' dir='ltr'><strong>accedit</strong></span> <span class='ocrx_word' id='word_1_140' title='bbox 1260 1051 1311 1077; x_wconf 87' lang='lat' dir='ltr'><strong>ex</strong></span> <span class='ocrx_word' id='word_1_141' title='bbox 1342 1052 1399 1081; x_wconf 88' lang='lat' dir='ltr'><strong>cc.</strong></span> <span class='ocrx_word' id='word_1_142' title='bbox 1432 1037 1527 1078; x_wconf 90' lang='lat' dir='ltr'><strong>dub.</strong></span> <span class='ocrx_word' id='word_1_143' title='bbox 1572 1053 1612 1081; x_wconf 86' lang='lat' dir='ltr'><strong>v.</strong></span> <span class='ocrx_word' id='word_1_144' title='bbox 1642 1038 1798 1078; x_wconf 85' lang='lat' dir='ltr'>XXIII</span> <span class='ocrx_word' id='word_1_145' title='bbox 1829 1041 1895 1078; x_wconf 85' lang='lat'><strong>13.</strong></span> <span class='ocrx_word' id='word_1_146' title='bbox 1927 1041 1930 1044; x_wconf 79' lang='grc'>’</span> 
     </span>
     <span class='ocr_line' id='line_1_18' title="bbox 90 1101 2009 1163; baseline 0.001 -17"><span class='ocrx_word' id='word_1_147' title='bbox 90 1113 262 1160; x_wconf 90' lang='lat' dir='ltr'><strong>utroque</strong></span> <span class='ocrx_word' id='word_1_148' title='bbox 304 1108 390 1147; x_wconf 89' lang='lat' dir='ltr'><strong>loco</strong></span> <span class='ocrx_word' id='word_1_149' title='bbox 436 1121 602 1147; x_wconf 83' lang='lat' dir='ltr'><strong>caesura</strong></span> <span class='ocrx_word' id='word_1_150' title='bbox 644 1107 774 1147; x_wconf 89' lang='lat' dir='ltr'><strong>bucol.</strong></span> <span class='ocrx_word' id='word_1_151' title='bbox 820 1107 1022 1148; x_wconf 82' lang='lat' dir='ltr'><strong>antecedit</strong></span> <span class='ocrx_word' id='word_1_152' title='bbox 1067 1107 1391 1161; x_wconf 84' lang='lat' dir='ltr'><strong>interpunctione</strong></span> <span class='ocrx_word' id='word_1_153' title='bbox 1422 1107 1578 1158; x_wconf 79' lang='lat' dir='ltr'><strong>adiuta3</strong></span> <span class='ocrx_word' id='word_1_154' title='bbox 1612 1113 1735 1163; x_wconf 87' lang='lat' dir='ltr'><strong>atque</strong></span> <span class='ocrx_word' id='word_1_155' title='bbox 1764 1108 1899 1162; x_wconf 84' lang='lat' dir='ltr'><strong>priore</strong></span> <span class='ocrx_word' id='word_1_156' title='bbox 1949 1108 1951 1110; x_wconf 74' lang='grc'><strong>’</strong></span> <span class='ocrx_word' id='word_1_157' title='bbox 1988 1101 2009 1116; x_wconf 64' lang='lat'><strong>⁵²</strong></span> 
     </span>
     <span class='ocr_line' id='line_1_19' title="bbox 91 1174 1897 1233; baseline 0.002 -17"><span class='ocrx_word' id='word_1_158' title='bbox 91 1178 324 1230; x_wconf 86' lang='lat' dir='ltr'><strong>producitur</strong></span> <span class='ocrx_word' id='word_1_159' title='bbox 364 1178 510 1217; x_wconf 86' lang='lat' dir='ltr'><strong>vocula</strong></span> <span class='ocrx_word' id='word_1_160' title='bbox 553 1177 602 1218; x_wconf 80' lang='grc' dir='ltr'><strong>δέ</strong></span> <span class='ocrx_word' id='word_1_161' title='bbox 645 1174 808 1230; x_wconf 81' lang='grc' dir='ltr'><strong><em>(αἵματι</em></strong></span> <span class='ocrx_word' id='word_1_162' title='bbox 851 1177 900 1218; x_wconf 79' lang='grc' dir='ltr'><strong>δὲ</strong></span> <span class='ocrx_word' id='word_1_163' title='bbox 947 1177 1061 1233; x_wconf 70' lang='grc' dir='ltr'>χρή),</span> <span class='ocrx_word' id='word_1_164' title='bbox 1104 1192 1224 1230; x_wconf 86' lang='lat' dir='ltr'><strong>quam</strong></span> <span class='ocrx_word' id='word_1_165' title='bbox 1267 1179 1308 1216; x_wconf 89' lang='lat' dir='ltr'><strong>in</strong></span> <span class='ocrx_word' id='word_1_166' title='bbox 1352 1178 1495 1231; x_wconf 85' lang='lat' dir='ltr'><strong>eadem</strong></span> <span class='ocrx_word' id='word_1_167' title='bbox 1535 1180 1677 1218; x_wconf 83' lang='lat' dir='ltr'><strong>versus</strong></span> <span class='ocrx_word' id='word_1_168' title='bbox 1718 1178 1813 1218; x_wconf 83' lang='lat' dir='ltr'><strong>sede</strong></span> <span class='ocrx_word' id='word_1_169' title='bbox 1856 1189 1897 1221; x_wconf 86' lang='lat' dir='ltr'><strong>et</strong></span> 
     </span>
     <span class='ocr_line' id='line_1_20' title="bbox 92 1246 1898 1303; baseline 0.003 -19"><span class='ocrx_word' id='word_1_170' title='bbox 92 1247 292 1285; x_wconf 86' lang='lat' dir='ltr'><strong>Homerus</strong></span> <span class='ocrx_word' id='word_1_171' title='bbox 325 1252 365 1285; x_wconf 90' lang='lat' dir='ltr'><strong>et</strong></span> <span class='ocrx_word' id='word_1_172' title='bbox 395 1247 465 1285; x_wconf 86' lang='lat' dir='ltr'><strong>alii</strong></span> <span class='ocrx_word' id='word_1_173' title='bbox 496 1247 681 1285; x_wconf 87' lang='lat' dir='ltr'><strong>similiter</strong></span> <span class='ocrx_word' id='word_1_174' title='bbox 725 1252 987 1300; x_wconf 87' lang='lat' dir='ltr'><strong>usurparunt;</strong></span> <span class='ocrx_word' id='word_1_175' title='bbox 1028 1248 1076 1286; x_wconf 87' lang='lat' dir='ltr'><strong>cf.</strong></span> <span class='ocrx_word' id='word_1_176' title='bbox 1111 1247 1229 1286; x_wconf 92' lang='lat' dir='ltr'><strong>Hom.</strong></span> <span class='ocrx_word' id='word_1_177' title='bbox 1270 1248 1320 1287; x_wconf 82' lang='grc' dir='ltr'><strong>Ψ</strong></span> <span class='ocrx_word' id='word_1_178' title='bbox 1345 1248 1427 1287; x_wconf 87' lang='grc'><strong>228</strong></span> <span class='ocrx_word' id='word_1_179' title='bbox 1460 1248 1657 1289; x_wconf 83' lang='grc' dir='ltr'><strong><em>παύσατο</em></strong></span> <span class='ocrx_word' id='word_1_180' title='bbox 1688 1247 1736 1289; x_wconf 78' lang='grc' dir='ltr'><strong>δὲ</strong></span> <span class='ocrx_word' id='word_1_181' title='bbox 1774 1246 1898 1303; x_wconf 79' lang='grc' dir='ltr'><em>φλόξ,</em></span> 
     </span>
     <span class='ocr_line' id='line_1_21' title="bbox 92 1315 1896 1370; baseline 0.001 -16"><span class='ocrx_word' id='word_1_182' title='bbox 92 1317 188 1354; x_wconf 86' lang='lat' dir='ltr'><strong>Hes.</strong></span> <span class='ocrx_word' id='word_1_183' title='bbox 212 1315 290 1368; x_wconf 88' lang='lat' dir='ltr'><strong>Op.</strong></span> <span class='ocrx_word' id='word_1_184' title='bbox 316 1317 398 1354; x_wconf 89' lang='grc'><strong>232</strong></span> <span class='ocrx_word' id='word_1_185' title='bbox 422 1317 570 1369; x_wconf 79' lang='grc' dir='ltr'><em>οὔρεσι</em></span> <span class='ocrx_word' id='word_1_186' title='bbox 591 1315 640 1355; x_wconf 80' lang='grc' dir='ltr'><strong>δὲ</strong></span> <span class='ocrx_word' id='word_1_187' title='bbox 662 1315 779 1370; x_wconf 79' lang='grc' dir='ltr'><em>δρῦς.</em></span> <span class='ocrx_word' id='word_1_188' title='bbox 813 1316 991 1354; x_wconf 86' lang='lat' dir='ltr'><strong>animum</strong></span> <span class='ocrx_word' id='word_1_189' title='bbox 1012 1322 1148 1355; x_wconf 87' lang='lat' dir='ltr'><strong>autem</strong></span> <span class='ocrx_word' id='word_1_190' title='bbox 1165 1322 1325 1370; x_wconf 86' lang='lat' dir='ltr'><strong>poetae,</strong></span> <span class='ocrx_word' id='word_1_191' title='bbox 1358 1317 1432 1370; x_wconf 88' lang='lat' dir='ltr'><strong>qui</strong></span> <span class='ocrx_word' id='word_1_192' title='bbox 1454 1330 1489 1355; x_wconf 91' lang='lat' dir='ltr'><strong>c.</strong></span> <span class='ocrx_word' id='word_1_193' title='bbox 1510 1317 1677 1356; x_wconf 91' lang='lat' dir='ltr'>XXIII.</span> <span class='ocrx_word' id='word_1_194' title='bbox 1706 1317 1896 1366; x_wconf 86' lang='lat' dir='ltr'><strong>condidit,</strong></span> 
     </span>
     <span class='ocr_line' id='line_1_22' title="bbox 94 1383 1900 1443; baseline 0.003 -19"><span class='ocrx_word' id='word_1_195' title='bbox 94 1400 184 1424; x_wconf 86' lang='lat' dir='ltr'><strong>cum</strong></span> <span class='ocrx_word' id='word_1_196' title='bbox 214 1384 406 1424; x_wconf 81' lang='lat' dir='ltr'><strong>scriberet</strong></span> <span class='ocrx_word' id='word_1_197' title='bbox 437 1399 476 1426; x_wconf 82' lang='lat' dir='ltr'><strong>v.</strong></span> <span class='ocrx_word' id='word_1_198' title='bbox 503 1386 554 1424; x_wconf 88' lang='lat'><strong>13</strong></span> <span class='ocrx_word' id='word_1_199' title='bbox 576 1388 631 1440; x_wconf 78' lang='grc' dir='ltr'><strong>τᾷ</strong></span> <span class='ocrx_word' id='word_1_200' title='bbox 663 1383 711 1426; x_wconf 77' lang='grc' dir='ltr'><strong>δὲ</strong></span> <span class='ocrx_word' id='word_1_201' title='bbox 741 1387 848 1442; x_wconf 76' lang='grc' dir='ltr'><strong>χολᾷ</strong></span> <span class='ocrx_word' id='word_1_202' title='bbox 876 1385 926 1427; x_wconf 91' lang='grc' dir='ltr'><strong>τὸ</strong></span> <span class='ocrx_word' id='word_1_203' title='bbox 956 1385 1196 1441; x_wconf 80' lang='grc' dir='ltr'><strong><em>πρόσωπον</em></strong></span> <span class='ocrx_word' id='word_1_204' title='bbox 1226 1385 1439 1441; x_wconf 76' lang='grc' dir='ltr'><strong><em>ἀμείβετο,</em></strong></span> <span class='ocrx_word' id='word_1_205' title='bbox 1459 1392 1594 1441; x_wconf 80' lang='grc' dir='ltr'><strong><em>φεῦγε</em></strong></span> <span class='ocrx_word' id='word_1_206' title='bbox 1620 1385 1753 1429; x_wconf 78' lang='grc' dir='ltr'><strong>δ’ἀπὸ</strong></span> <span class='ocrx_word' id='word_1_207' title='bbox 1773 1387 1900 1443; x_wconf 81' lang='grc' dir='ltr'><strong><em>χρώς,</em></strong></span> 
     </span>
     <span class='ocr_line' id='line_1_23' title="bbox 93 1455 1897 1507; baseline 0.001 -13"><span class='ocrx_word' id='word_1_208' title='bbox 93 1455 243 1494; x_wconf 88' lang='lat' dir='ltr'><strong>subiise</strong></span> <span class='ocrx_word' id='word_1_209' title='bbox 285 1455 446 1494; x_wconf 86' lang='lat' dir='ltr'><strong>videtur</strong></span> <span class='ocrx_word' id='word_1_210' title='bbox 490 1456 684 1494; x_wconf 87' lang='lat' dir='ltr'><strong>memoria</strong></span> <span class='ocrx_word' id='word_1_211' title='bbox 726 1469 926 1503; x_wconf 88' lang='lat' dir='ltr'><strong>versuum,</strong></span> <span class='ocrx_word' id='word_1_212' title='bbox 972 1456 1102 1507; x_wconf 86' lang='lat' dir='ltr'><strong>qualis</strong></span> <span class='ocrx_word' id='word_1_213' title='bbox 1133 1461 1195 1494; x_wconf 87' lang='lat' dir='ltr'><strong>est</strong></span> <span class='ocrx_word' id='word_1_214' title='bbox 1224 1456 1344 1495; x_wconf 91' lang='lat' dir='ltr'><strong>Hom.</strong></span> <span class='ocrx_word' id='word_1_215' title='bbox 1375 1469 1401 1496; x_wconf 92' lang='grc' dir='ltr'><strong><em>τ</em></strong></span> <span class='ocrx_word' id='word_1_216' title='bbox 1430 1457 1527 1504; x_wconf 83' lang='grc'>204,</span> <span class='ocrx_word' id='word_1_217' title='bbox 1571 1456 1641 1494; x_wconf 88' lang='lat' dir='ltr'><strong>ubi</strong></span> <span class='ocrx_word' id='word_1_218' title='bbox 1682 1457 1726 1495; x_wconf 86' lang='lat' dir='ltr'><strong>in</strong></span> <span class='ocrx_word' id='word_1_219' title='bbox 1757 1456 1897 1496; x_wconf 87' lang='lat' dir='ltr'><strong>eadem</strong></span> 
     </span>
     <span class='ocr_line' id='line_1_24' title="bbox 93 1523 1903 1579; baseline 0.002 -16"><span class='ocrx_word' id='word_1_220' title='bbox 93 1524 188 1563; x_wconf 91' lang='lat' dir='ltr'><strong>sede</strong></span> <span class='ocrx_word' id='word_1_221' title='bbox 230 1523 383 1562; x_wconf 88' lang='lat' dir='ltr'><strong>vocalis</strong></span> <span class='ocrx_word' id='word_1_222' title='bbox 425 1523 559 1562; x_wconf 89' lang='lat' dir='ltr'><strong>brevis</strong></span> <span class='ocrx_word' id='word_1_223' title='bbox 600 1529 795 1576; x_wconf 87' lang='lat' dir='ltr'><strong>sequente</strong></span> <span class='ocrx_word' id='word_1_224' title='bbox 837 1537 937 1563; x_wconf 87' lang='lat' dir='ltr'><strong>voce</strong></span> <span class='ocrx_word' id='word_1_225' title='bbox 967 1524 1080 1579; x_wconf 78' lang='grc' dir='ltr'><em>χρώς</em></span> <span class='ocrx_word' id='word_1_226' title='bbox 1109 1523 1363 1576; x_wconf 77' lang='lat' dir='ltr'><strong>producitur:</strong></span> <span class='ocrx_word' id='word_1_227' title='bbox 1396 1529 1472 1577; x_wconf 81' lang='grc' dir='ltr'><strong>τῆς</strong></span> <span class='ocrx_word' id='word_1_228' title='bbox 1501 1523 1624 1579; x_wconf 79' lang='grc' dir='ltr'><strong><em>ὃ’ἄρ’</em></strong></span> <span class='ocrx_word' id='word_1_229' title='bbox 1658 1523 1903 1579; x_wconf 81' lang='grc' dir='ltr'><strong><em>ἀκουούσης</em></strong></span> 
     </span>
     <span class='ocr_line' id='line_1_25' title="bbox 95 1591 1901 1647; baseline -0.001 -15"><span class='ocrx_word' id='word_1_230' title='bbox 95 1591 164 1646; x_wconf 78' lang='grc' dir='ltr'><strong>ῥέε</strong></span> <span class='ocrx_word' id='word_1_231' title='bbox 194 1592 376 1646; x_wconf 77' lang='grc' dir='ltr'><strong><em>δάκρυα,</em></strong></span> <span class='ocrx_word' id='word_1_232' title='bbox 406 1592 556 1645; x_wconf 83' lang='grc' dir='ltr'><strong><em>τήκετο</em></strong></span> <span class='ocrx_word' id='word_1_233' title='bbox 587 1592 636 1633; x_wconf 81' lang='grc' dir='ltr'><strong>δὲ</strong></span> <span class='ocrx_word' id='word_1_234' title='bbox 655 1593 768 1647; x_wconf 78' lang='grc' dir='ltr'><em>χρώς</em></span> <span class='ocrx_word' id='word_1_235' title='bbox 788 1593 854 1631; x_wconf 84' lang='lat' dir='ltr'><strong>vel</strong></span> <span class='ocrx_word' id='word_1_236' title='bbox 875 1594 909 1631; x_wconf 91' lang='lat' dir='ltr'>P</span> <span class='ocrx_word' id='word_1_237' title='bbox 933 1595 1014 1632; x_wconf 88' lang='lat'><strong>733</strong></span> <span class='ocrx_word' id='word_1_238' title='bbox 1035 1599 1125 1634; x_wconf 80' lang='grc' dir='ltr'><strong>τῶν</strong></span> <span class='ocrx_word' id='word_1_239' title='bbox 1145 1593 1193 1634; x_wconf 82' lang='grc' dir='ltr'><strong>δὲ</strong></span> <span class='ocrx_word' id='word_1_240' title='bbox 1211 1594 1398 1647; x_wconf 81' lang='grc' dir='ltr'><strong><em>τράπετο</em></strong></span> <span class='ocrx_word' id='word_1_241' title='bbox 1418 1594 1545 1647; x_wconf 80' lang='grc' dir='ltr'><strong>χρώς.</strong></span> <span class='ocrx_word' id='word_1_242' title='bbox 1576 1595 1615 1631; x_wconf 91' lang='lat' dir='ltr'><strong>in</strong></span> <span class='ocrx_word' id='word_1_243' title='bbox 1649 1594 1728 1632; x_wconf 83' lang='lat' dir='ltr'><strong>arsi</strong></span> <span class='ocrx_word' id='word_1_244' title='bbox 1758 1594 1901 1645; x_wconf 83' lang='lat' dir='ltr'><strong>prima,</strong></span> 
     </span>
     <span class='ocr_line' id='line_1_26' title="bbox 96 1661 1903 1715; baseline 0 -14"><span class='ocrx_word' id='word_1_245' title='bbox 96 1675 199 1714; x_wconf 83' lang='lat' dir='ltr'><strong>quae</strong></span> <span class='ocrx_word' id='word_1_246' title='bbox 231 1661 272 1700; x_wconf 91' lang='lat' dir='ltr'><strong>in</strong></span> <span class='ocrx_word' id='word_1_247' title='bbox 304 1662 535 1701; x_wconf 86' lang='lat' dir='ltr'><strong>universum</strong></span> <span class='ocrx_word' id='word_1_248' title='bbox 568 1661 651 1701; x_wconf 92' lang='lat' dir='ltr'><strong>VII</strong></span> <span class='ocrx_word' id='word_1_249' title='bbox 681 1661 968 1715; x_wconf 85' lang='lat' dir='ltr'><strong>productiones</strong></span> <span class='ocrx_word' id='word_1_250' title='bbox 1000 1662 1176 1713; x_wconf 85' lang='lat' dir='ltr'><strong>exhibet,</strong></span> <span class='ocrx_word' id='word_1_251' title='bbox 1208 1663 1370 1703; x_wconf 82' lang='lat' dir='ltr'><strong>sexiens</strong></span> <span class='ocrx_word' id='word_1_252' title='bbox 1402 1662 1563 1702; x_wconf 79' lang='lat' dir='ltr'><strong>articuli</strong></span> <span class='ocrx_word' id='word_1_253' title='bbox 1601 1663 1749 1703; x_wconf 84' lang='lat' dir='ltr'><strong>formas</strong></span> <span class='ocrx_word' id='word_1_254' title='bbox 1781 1662 1806 1704; x_wconf 89' lang='grc' dir='ltr'>ὁ</span> <span class='ocrx_word' id='word_1_255' title='bbox 1835 1661 1903 1702; x_wconf 84' lang='lat' dir='ltr'><strong>vel</strong></span> 
     </span>
     <span class='ocr_line' id='line_1_27' title="bbox 93 1730 1971 1788; baseline 0 -16"><span class='ocrx_word' id='word_1_256' title='bbox 93 1732 144 1772; x_wconf 92' lang='grc' dir='ltr'><strong>τό</strong></span> <span class='ocrx_word' id='word_1_257' title='bbox 175 1730 362 1786; x_wconf 86' lang='lat' dir='ltr'><strong>(quarum</strong></span> <span class='ocrx_word' id='word_1_258' title='bbox 393 1732 491 1771; x_wconf 85' lang='lat' dir='ltr'><strong>haec</strong></span> <span class='ocrx_word' id='word_1_259' title='bbox 537 1733 661 1770; x_wconf 87' lang='lat' dir='ltr'><strong>semel</strong></span> <span class='ocrx_word' id='word_1_260' title='bbox 704 1732 952 1784; x_wconf 87' lang='lat' dir='ltr'><strong>pronominis</strong></span> <span class='ocrx_word' id='word_1_261' title='bbox 994 1733 1084 1771; x_wconf 87' lang='lat' dir='ltr'><strong>vice</strong></span> <span class='ocrx_word' id='word_1_262' title='bbox 1113 1732 1316 1784; x_wconf 79' lang='lat' dir='ltr'><strong>fungitur:</strong></span> <span class='ocrx_word' id='word_1_263' title='bbox 1337 1731 1376 1770; x_wconf 93' lang='lat' dir='ltr'><strong>V</strong></span> <span class='ocrx_word' id='word_1_264' title='bbox 1412 1734 1461 1770; x_wconf 94' lang='lat'><strong>11</strong></span> <span class='ocrx_word' id='word_1_265' title='bbox 1494 1731 1545 1772; x_wconf 92' lang='grc' dir='ltr'><strong>τὸ</strong></span> <span class='ocrx_word' id='word_1_266' title='bbox 1575 1732 1801 1786; x_wconf 79' lang='grc' dir='ltr'><strong><em>Κροκύλος</em></strong></span> <span class='ocrx_word' id='word_1_267' title='bbox 1829 1744 1904 1784; x_wconf 85' lang='grc' dir='ltr'><strong>μοι</strong></span> <span class='ocrx_word' id='word_1_268' title='bbox 1961 1783 1971 1788; x_wconf 27' lang='lat'><strong>⁴.</strong></span> 
     </span>
     <span class='ocr_line' id='line_1_28' title="bbox 95 1790 2034 1855; baseline 0 -13"><span class='ocrx_word' id='word_1_269' title='bbox 95 1798 247 1855; x_wconf 83' lang='grc' dir='ltr'><strong><em>ἔδωκε)</em></strong></span> <span class='ocrx_word' id='word_1_270' title='bbox 292 1799 508 1853; x_wconf 86' lang='lat' dir='ltr'><strong>productas</strong></span> <span class='ocrx_word' id='word_1_271' title='bbox 540 1800 776 1853; x_wconf 89' lang='lat' dir='ltr'><strong>reperimus,</strong></span> <span class='ocrx_word' id='word_1_272' title='bbox 823 1801 949 1840; x_wconf 91' lang='lat' dir='ltr'><strong>semel</strong></span> <span class='ocrx_word' id='word_1_273' title='bbox 980 1815 1161 1854; x_wconf 91' lang='lat' dir='ltr'><strong>pronom.</strong></span> <span class='ocrx_word' id='word_1_274' title='bbox 1194 1801 1238 1842; x_wconf 84' lang='grc' dir='ltr'><strong>τί</strong></span> <span class='ocrx_word' id='word_1_275' title='bbox 1266 1801 1308 1840; x_wconf 92' lang='lat' dir='ltr'><strong>in</strong></span> <span class='ocrx_word' id='word_1_276' title='bbox 1342 1799 1478 1840; x_wconf 83' lang='lat' dir='ltr'><strong>verbis</strong></span> <span class='ocrx_word' id='word_1_277' title='bbox 1508 1797 1561 1841; x_wconf 77' lang='grc' dir='ltr'><strong>τί</strong></span> <span class='ocrx_word' id='word_1_278' title='bbox 1578 1804 1753 1855; x_wconf 80' lang='grc' dir='ltr'><strong><em>πρῶτον</em></strong></span> <span class='ocrx_word' id='word_1_279' title='bbox 1781 1813 1904 1841; x_wconf 80' lang='grc' dir='ltr'><strong><em>κατα·</em></strong></span> <span class='ocrx_word' id='word_1_280' title='bbox 1967 1790 1970 1793; x_wconf 18' lang='grc' dir='ltr'><strong>Δ</strong></span> <span class='ocrx_word' id='word_1_281' title='bbox 2004 1791 2034 1842; x_wconf 42' lang='grc' dir='ltr'>ᾇ</span> 
     </span>
     <span class='ocr_line' id='line_1_29' title="bbox 94 1866 1902 1926; baseline -0.001 -16"><span class='ocrx_word' id='word_1_282' title='bbox 94 1867 215 1921; x_wconf 70' lang='grc' dir='ltr'><strong><em>λέξω,</em></strong></span> <span class='ocrx_word' id='word_1_283' title='bbox 258 1871 306 1911; x_wconf 86' lang='lat' dir='ltr'><strong>cf.</strong></span> <span class='ocrx_word' id='word_1_284' title='bbox 352 1870 473 1909; x_wconf 88' lang='lat' dir='ltr'><strong>Hom.</strong></span> <span class='ocrx_word' id='word_1_285' title='bbox 521 1885 534 1911; x_wconf 94' lang='grc' dir='ltr'><strong><em>ι</em></strong></span> <span class='ocrx_word' id='word_1_286' title='bbox 574 1873 627 1909; x_wconf 90' lang='grc'><strong>14</strong></span> <span class='ocrx_word' id='word_1_287' title='bbox 657 1871 701 1911; x_wconf 86' lang='grc' dir='ltr'><strong>τί</strong></span> <span class='ocrx_word' id='word_1_288' title='bbox 728 1871 904 1926; x_wconf 79' lang='grc' dir='ltr'><strong><em>πρῶτόν</em></strong></span> <span class='ocrx_word' id='word_1_289' title='bbox 932 1885 1001 1912; x_wconf 86' lang='grc' dir='ltr'><strong>τοι</strong></span> <span class='ocrx_word' id='word_1_290' title='bbox 1031 1870 1191 1922; x_wconf 77' lang='grc' dir='ltr'><strong><em>ἔπειτα,</em></strong></span> <span class='ocrx_word' id='word_1_291' title='bbox 1221 1870 1265 1911; x_wconf 90' lang='grc' dir='ltr'><strong>τί</strong></span> <span class='ocrx_word' id='word_1_292' title='bbox 1292 1870 1331 1910; x_wconf 80' lang='grc' dir='ltr'><strong>δ’</strong></span> <span class='ocrx_word' id='word_1_293' title='bbox 1345 1869 1550 1911; x_wconf 77' lang='grc' dir='ltr'><strong><em>ὑστάτιον</em></strong></span> <span class='ocrx_word' id='word_1_294' title='bbox 1579 1866 1806 1919; x_wconf 83' lang='grc' dir='ltr'><strong><em>καταλέξω.</em></strong></span> <span class='ocrx_word' id='word_1_295' title='bbox 1839 1874 1902 1908; x_wconf 85' lang='lat' dir='ltr'><strong>sat</strong></span> 
     </span>
     <span class='ocr_line' id='line_1_30' title="bbox 95 1938 2051 1993; baseline -0.001 -15"><span class='ocrx_word' id='word_1_296' title='bbox 95 1953 228 1992; x_wconf 86' lang='lat' dir='ltr'><strong>pauca</strong></span> <span class='ocrx_word' id='word_1_297' title='bbox 269 1939 459 1992; x_wconf 87' lang='lat' dir='ltr'><strong>exempla</strong></span> <span class='ocrx_word' id='word_1_298' title='bbox 503 1941 623 1979; x_wconf 88' lang='lat' dir='ltr'><strong>etiam</strong></span> <span class='ocrx_word' id='word_1_299' title='bbox 666 1941 707 1978; x_wconf 92' lang='lat' dir='ltr'><strong>in</strong></span> <span class='ocrx_word' id='word_1_300' title='bbox 751 1940 905 1979; x_wconf 86' lang='lat' dir='ltr'><strong>arsibus</strong></span> <span class='ocrx_word' id='word_1_301' title='bbox 935 1940 1056 1979; x_wconf 83' lang='lat' dir='ltr'><strong>tertia</strong></span> <span class='ocrx_word' id='word_1_302' title='bbox 1088 1946 1129 1979; x_wconf 90' lang='lat' dir='ltr'><strong>et</strong></span> <span class='ocrx_word' id='word_1_303' title='bbox 1159 1940 1302 1993; x_wconf 85' lang='lat' dir='ltr'><strong>quinta</strong></span> <span class='ocrx_word' id='word_1_304' title='bbox 1334 1944 1493 1988; x_wconf 79' lang='lat' dir='ltr'><strong>extant3</strong></span> <span class='ocrx_word' id='word_1_305' title='bbox 1526 1938 1598 1978; x_wconf 87' lang='lat' dir='ltr'><strong>sed</strong></span> <span class='ocrx_word' id='word_1_306' title='bbox 1628 1939 1767 1978; x_wconf 86' lang='lat' dir='ltr'><strong>horum</strong></span> <span class='ocrx_word' id='word_1_307' title='bbox 1800 1951 1905 1991; x_wconf 72' lang='lat' dir='ltr'><strong>quae</strong></span> <span class='ocrx_word' id='word_1_308' title='bbox 2017 1948 2051 1979; x_wconf 55' lang='lat' dir='ltr'><strong>ie</strong></span> 
     </span>
     <span class='ocr_line' id='line_1_31' title="bbox 96 2007 1904 2062; baseline 0 -16"><span class='ocrx_word' id='word_1_309' title='bbox 96 2009 148 2047; x_wconf 89' lang='lat' dir='ltr'><strong>sit</strong></span> <span class='ocrx_word' id='word_1_310' title='bbox 178 2014 333 2057; x_wconf 88' lang='lat' dir='ltr'><strong>natura,</strong></span> <span class='ocrx_word' id='word_1_311' title='bbox 366 2015 411 2047; x_wconf 90' lang='lat' dir='ltr'><strong>ut</strong></span> <span class='ocrx_word' id='word_1_312' title='bbox 442 2010 670 2048; x_wconf 87' lang='lat' dir='ltr'><strong>accuratius</strong></span> <span class='ocrx_word' id='word_1_313' title='bbox 700 2010 828 2061; x_wconf 86' lang='lat' dir='ltr'><strong>possit</strong></span> <span class='ocrx_word' id='word_1_314' title='bbox 858 2010 1047 2062; x_wconf 85' lang='lat' dir='ltr'><strong>perspici,</strong></span> <span class='ocrx_word' id='word_1_315' title='bbox 1080 2010 1202 2048; x_wconf 85' lang='lat' dir='ltr'><strong>etiam</strong></span> <span class='ocrx_word' id='word_1_316' title='bbox 1233 2009 1336 2047; x_wconf 84' lang='lat' dir='ltr'><strong>alias</strong></span> <span class='ocrx_word' id='word_1_317' title='bbox 1360 2008 1559 2056; x_wconf 80' lang='lat' dir='ltr'><strong>rationes,</strong></span> <span class='ocrx_word' id='word_1_318' title='bbox 1594 2007 1738 2059; x_wconf 86' lang='lat' dir='ltr'><strong>quibus</strong></span> <span class='ocrx_word' id='word_1_319' title='bbox 1768 2008 1810 2046; x_wconf 90' lang='lat' dir='ltr'><strong>in</strong></span> <span class='ocrx_word' id='word_1_320' title='bbox 1840 2008 1904 2046; x_wconf 84' lang='lat' dir='ltr'><strong>his</strong></span> 
     </span>
     <span class='ocr_line' id='line_1_32' title="bbox 99 2077 1902 2129; baseline 0 -14"><span class='ocrx_word' id='word_1_321' title='bbox 99 2077 436 2129; x_wconf 85' lang='lat' dir='ltr'><strong>productionibus</strong></span> <span class='ocrx_word' id='word_1_322' title='bbox 481 2078 741 2117; x_wconf 84' lang='lat' dir='ltr'><strong>admittendis</strong></span> <span class='ocrx_word' id='word_1_323' title='bbox 785 2078 949 2117; x_wconf 90' lang='lat' dir='ltr'><strong>ductum</strong></span> <span class='ocrx_word' id='word_1_324' title='bbox 992 2092 1081 2117; x_wconf 89' lang='lat' dir='ltr'><strong>esse</strong></span> <span class='ocrx_word' id='word_1_325' title='bbox 1112 2077 1375 2116; x_wconf 84' lang='lat' dir='ltr'><strong>Theocritum</strong></span> <span class='ocrx_word' id='word_1_326' title='bbox 1420 2077 1600 2129; x_wconf 79' lang='lat' dir='ltr'><strong>adparet,</strong></span> <span class='ocrx_word' id='word_1_327' title='bbox 1639 2078 1902 2129; x_wconf 85' lang='lat' dir='ltr'><strong>respiciamus</strong></span> 
     </span>
     <span class='ocr_line' id='line_1_33' title="bbox 96 2153 369 2185; baseline 0.004 -1"><span class='ocrx_word' id='word_1_328' title='bbox 96 2160 264 2185; x_wconf 87' lang='lat' dir='ltr'><strong>necesse</strong></span> <span class='ocrx_word' id='word_1_329' title='bbox 297 2153 369 2185; x_wconf 88' lang='lat' dir='ltr'><strong>est.</strong></span> 
     </span>
    </p>

    <p class='ocr_par' dir='ltr' id='par_1_5' title="bbox 99 2215 2051 2756">
     <span class='ocr_line' id='line_1_34' title="bbox 217 2215 1904 2269; baseline 0 -15"><span class='ocrx_word' id='word_1_330' title='bbox 217 2216 421 2268; x_wconf 86' lang='lat' dir='ltr'><strong>Exempla</strong></span> <span class='ocrx_word' id='word_1_331' title='bbox 452 2229 550 2255; x_wconf 83' lang='lat' dir='ltr'><strong>vero</strong></span> <span class='ocrx_word' id='word_1_332' title='bbox 581 2216 889 2269; x_wconf 88' lang='lat' dir='ltr'><strong>productionum</strong></span> <span class='ocrx_word' id='word_1_333' title='bbox 922 2230 1044 2269; x_wconf 88' lang='lat' dir='ltr'><strong>supra</strong></span> <span class='ocrx_word' id='word_1_334' title='bbox 1075 2216 1211 2255; x_wconf 85' lang='lat' dir='ltr'><strong>adlata</strong></span> <span class='ocrx_word' id='word_1_335' title='bbox 1244 2217 1278 2255; x_wconf 88' lang='lat' dir='ltr'><strong>si</strong></span> <span class='ocrx_word' id='word_1_336' title='bbox 1309 2216 1437 2256; x_wconf 86' lang='lat' dir='ltr'><strong>oculis</strong></span> <span class='ocrx_word' id='word_1_337' title='bbox 1467 2215 1792 2268; x_wconf 84' lang='lat' dir='ltr'><strong>perlustraveriS,</strong></span> <span class='ocrx_word' id='word_1_338' title='bbox 1823 2229 1904 2254; x_wconf 89' lang='lat' dir='ltr'><strong>non</strong></span> 
     </span>
     <span class='ocr_line' id='line_1_35' title="bbox 102 2283 1905 2338; baseline 0.001 -16"><span class='ocrx_word' id='word_1_339' title='bbox 102 2284 232 2336; x_wconf 86' lang='lat' dir='ltr'><strong>fugiet</strong></span> <span class='ocrx_word' id='word_1_340' title='bbox 261 2291 302 2323; x_wconf 91' lang='lat' dir='ltr'><strong>te</strong></span> <span class='ocrx_word' id='word_1_341' title='bbox 333 2286 528 2337; x_wconf 88' lang='lat' dir='ltr'><strong>pleraque</strong></span> <span class='ocrx_word' id='word_1_342' title='bbox 561 2299 697 2324; x_wconf 86' lang='lat' dir='ltr'><strong>eorum</strong></span> <span class='ocrx_word' id='word_1_343' title='bbox 728 2286 785 2323; x_wconf 84' lang='lat' dir='ltr'><strong>ita</strong></span> <span class='ocrx_word' id='word_1_344' title='bbox 817 2298 905 2324; x_wconf 89' lang='lat' dir='ltr'><strong>esse</strong></span> <span class='ocrx_word' id='word_1_345' title='bbox 928 2291 1168 2338; x_wconf 82' lang='lat' dir='ltr'><strong>comparata,</strong></span> <span class='ocrx_word' id='word_1_346' title='bbox 1200 2291 1244 2324; x_wconf 92' lang='lat' dir='ltr'><strong>ut</strong></span> <span class='ocrx_word' id='word_1_347' title='bbox 1273 2298 1356 2324; x_wconf 87' lang='lat' dir='ltr'><strong>vox</strong></span> <span class='ocrx_word' id='word_1_348' title='bbox 1386 2299 1409 2323; x_wconf 82' lang='lat' dir='ltr'><strong>a</strong></span> <span class='ocrx_word' id='word_1_349' title='bbox 1439 2289 1551 2322; x_wconf 86' lang='lat' dir='ltr'><strong>muta</strong></span> <span class='ocrx_word' id='word_1_350' title='bbox 1581 2298 1615 2322; x_wconf 91' lang='lat' dir='ltr'><strong>c.</strong></span> <span class='ocrx_word' id='word_1_351' title='bbox 1645 2283 1674 2321; x_wconf 90' lang='lat' dir='ltr'><strong>l.</strong></span> <span class='ocrx_word' id='word_1_352' title='bbox 1705 2284 1905 2336; x_wconf 86' lang='lat' dir='ltr'><strong>incipiens</strong></span> 
     </span>
     <span class='ocr_line' id='line_1_36' title="bbox 100 2353 1902 2406; baseline -0.001 -14"><span class='ocrx_word' id='word_1_353' title='bbox 100 2368 189 2392; x_wconf 90' lang='lat' dir='ltr'><strong>cum</strong></span> <span class='ocrx_word' id='word_1_354' title='bbox 221 2354 419 2392; x_wconf 84' lang='lat' dir='ltr'><strong>vocabulo</strong></span> <span class='ocrx_word' id='word_1_355' title='bbox 451 2355 734 2406; x_wconf 88' lang='lat' dir='ltr'><strong>praecedente,</strong></span> <span class='ocrx_word' id='word_1_356' title='bbox 769 2356 882 2393; x_wconf 88' lang='lat' dir='ltr'><strong>cuius</strong></span> <span class='ocrx_word' id='word_1_357' title='bbox 912 2356 954 2393; x_wconf 91' lang='lat' dir='ltr'><strong>in</strong></span> <span class='ocrx_word' id='word_1_358' title='bbox 988 2356 1099 2393; x_wconf 85' lang='lat' dir='ltr'><strong>exitu</strong></span> <span class='ocrx_word' id='word_1_359' title='bbox 1131 2356 1284 2393; x_wconf 84' lang='lat' dir='ltr'><strong>vocalis</strong></span> <span class='ocrx_word' id='word_1_360' title='bbox 1305 2355 1440 2393; x_wconf 88' lang='lat' dir='ltr'><strong>brevis</strong></span> <span class='ocrx_word' id='word_1_361' title='bbox 1462 2353 1715 2406; x_wconf 86' lang='lat' dir='ltr'><strong>producatur,</strong></span> <span class='ocrx_word' id='word_1_362' title='bbox 1738 2354 1902 2392; x_wconf 87' lang='lat' dir='ltr'><strong>vinculo</strong></span> 
     </span>
     <span class='ocr_line' id='line_1_37' title="bbox 99 2422 2051 2488; baseline -0.001 -26"><span class='ocrx_word' id='word_1_363' title='bbox 99 2424 325 2476; x_wconf 70' lang='lat' dir='ltr'><strong>syntectico</strong></span> <span class='ocrx_word' id='word_1_364' title='bbox 370 2424 570 2464; x_wconf 84' lang='lat' dir='ltr'><strong>artissime</strong></span> <span class='ocrx_word' id='word_1_365' title='bbox 614 2425 803 2478; x_wconf 85' lang='lat' dir='ltr'><strong>copulata</strong></span> <span class='ocrx_word' id='word_1_366' title='bbox 845 2425 909 2465; x_wconf 88' lang='lat' dir='ltr'><strong>sit.</strong></span> <span class='ocrx_word' id='word_1_367' title='bbox 954 2424 1056 2464; x_wconf 83' lang='lat' dir='ltr'><strong>haec</strong></span> <span class='ocrx_word' id='word_1_368' title='bbox 1097 2424 1236 2464; x_wconf 90' lang='lat' dir='ltr'><strong>eadem</strong></span> <span class='ocrx_word' id='word_1_369' title='bbox 1282 2424 1350 2463; x_wconf 87' lang='lat' dir='ltr'><strong>lex</strong></span> <span class='ocrx_word' id='word_1_370' title='bbox 1393 2428 1586 2476; x_wconf 86' lang='lat' dir='ltr'><strong>quantum</strong></span> <span class='ocrx_word' id='word_1_371' title='bbox 1628 2422 1767 2462; x_wconf 82' lang='lat' dir='ltr'><strong>valeat</strong></span> <span class='ocrx_word' id='word_1_372' title='bbox 1797 2422 1906 2475; x_wconf 84' lang='lat' dir='ltr'><strong>apud</strong></span> <span class='ocrx_word' id='word_1_373' title='bbox 2011 2469 2051 2488; x_wconf 20' lang='lat' dir='ltr'><strong>,fl</strong></span> 
     </span>
     <span class='ocr_line' id='line_1_38' title="bbox 103 2489 2051 2545; baseline 0 -15"><span class='ocrx_word' id='word_1_374' title='bbox 103 2493 325 2531; x_wconf 88' lang='lat' dir='ltr'><strong>Homerum</strong></span> <span class='ocrx_word' id='word_1_375' title='bbox 357 2493 398 2530; x_wconf 90' lang='lat' dir='ltr'><strong>in</strong></span> <span class='ocrx_word' id='word_1_376' title='bbox 431 2493 631 2531; x_wconf 89' lang='lat' dir='ltr'><strong>similibus</strong></span> <span class='ocrx_word' id='word_1_377' title='bbox 663 2493 995 2545; x_wconf 86' lang='lat' dir='ltr'><strong>productionibus</strong></span> <span class='ocrx_word' id='word_1_378' title='bbox 1017 2506 1097 2531; x_wconf 89' lang='lat' dir='ltr'><strong>non</strong></span> <span class='ocrx_word' id='word_1_379' title='bbox 1120 2494 1249 2532; x_wconf 86' lang='lat' dir='ltr'><strong>solum</strong></span> <span class='ocrx_word' id='word_1_380' title='bbox 1282 2498 1377 2531; x_wconf 90' lang='lat' dir='ltr'><strong>ante</strong></span> <span class='ocrx_word' id='word_1_381' title='bbox 1397 2498 1547 2531; x_wconf 84' lang='lat' dir='ltr'><strong>mutam</strong></span> <span class='ocrx_word' id='word_1_382' title='bbox 1568 2506 1600 2530; x_wconf 89' lang='lat' dir='ltr'><strong>c.</strong></span> <span class='ocrx_word' id='word_1_383' title='bbox 1624 2492 1667 2541; x_wconf 93' lang='lat' dir='ltr'><strong>l.,</strong></span> <span class='ocrx_word' id='word_1_384' title='bbox 1690 2493 1761 2531; x_wconf 81' lang='lat' dir='ltr'><strong>sed</strong></span> <span class='ocrx_word' id='word_1_385' title='bbox 1783 2493 1905 2531; x_wconf 87' lang='lat' dir='ltr'><strong>etiam</strong></span> <span class='ocrx_word' id='word_1_386' title='bbox 2010 2489 2051 2523; x_wconf 53' lang='lat'><strong>²²5</strong></span> 
     </span>
     <span class='ocr_line' id='line_1_39' title="bbox 101 2554 2051 2629; baseline 0.001 -29"><span class='ocrx_word' id='word_1_387' title='bbox 101 2567 196 2601; x_wconf 82' lang='lat' dir='ltr'><strong>ante</strong></span> <span class='ocrx_word' id='word_1_388' title='bbox 228 2562 334 2600; x_wconf 86' lang='lat' dir='ltr'><strong>solas</strong></span> <span class='ocrx_word' id='word_1_389' title='bbox 365 2575 560 2601; x_wconf 85' lang='lat' dir='ltr'><strong>consonas</strong></span> <span class='ocrx_word' id='word_1_390' title='bbox 590 2562 781 2616; x_wconf 81' lang='lat' dir='ltr'><strong>liquidas,</strong></span> <span class='ocrx_word' id='word_1_391' title='bbox 814 2568 930 2601; x_wconf 84' lang='lat' dir='ltr'><strong>acute</strong></span> <span class='ocrx_word' id='word_1_392' title='bbox 962 2562 1256 2602; x_wconf 84' lang='lat' dir='ltr'><strong>demonstratur</strong></span> <span class='ocrx_word' id='word_1_393' title='bbox 1277 2561 1325 2601; x_wconf 88' lang='lat' dir='ltr'><strong>ab</strong></span> <span class='ocrx_word' id='word_1_394' title='bbox 1348 2561 1533 2601; x_wconf 83' lang='lat' dir='ltr'><strong>Hartelio</strong></span> <span class='ocrx_word' id='word_1_395' title='bbox 1574 2561 1600 2600; x_wconf 92' lang='lat' dir='ltr'><strong>l.</strong></span> <span class='ocrx_word' id='word_1_396' title='bbox 1633 2575 1666 2600; x_wconf 91' lang='lat' dir='ltr'><strong>c.</strong></span> <span class='ocrx_word' id='word_1_397' title='bbox 1689 2561 1723 2610; x_wconf 94' lang='lat' dir='ltr'><strong>I,</strong></span> <span class='ocrx_word' id='word_1_398' title='bbox 1755 2576 1796 2614; x_wconf 91' lang='lat' dir='ltr'><strong>p.</strong></span> <span class='ocrx_word' id='word_1_399' title='bbox 1832 2563 1900 2611; x_wconf 88' lang='lat'><strong>10,</strong></span> <span class='ocrx_word' id='word_1_400' title='bbox 2038 2554 2051 2629; x_wconf 58' lang='grc' dir='ltr'>ζ</span> 
     </span>
     <span class='ocr_line' id='line_1_40' title="bbox 102 2630 1907 2685; baseline 0.001 -16"><span class='ocrx_word' id='word_1_401' title='bbox 102 2632 156 2670; x_wconf 90' lang='grc'><strong>79</strong></span> <span class='ocrx_word' id='word_1_402' title='bbox 190 2644 294 2683; x_wconf 90' lang='lat' dir='ltr'><strong>sqq.,</strong></span> <span class='ocrx_word' id='word_1_403' title='bbox 328 2633 381 2670; x_wconf 88' lang='lat'><strong>85</strong></span> <span class='ocrx_word' id='word_1_404' title='bbox 416 2646 520 2684; x_wconf 88' lang='lat' dir='ltr'><strong>sqq.,</strong></span> <span class='ocrx_word' id='word_1_405' title='bbox 554 2633 607 2670; x_wconf 89' lang='grc'><strong>88</strong></span> <span class='ocrx_word' id='word_1_406' title='bbox 640 2645 728 2684; x_wconf 87' lang='lat' dir='ltr'><strong>sqq.</strong></span> <span class='ocrx_word' id='word_1_407' title='bbox 763 2631 870 2684; x_wconf 88' lang='lat' dir='ltr'><strong>apud</strong></span> <span class='ocrx_word' id='word_1_408' title='bbox 902 2632 1164 2671; x_wconf 86' lang='lat' dir='ltr'><strong>Theocritum</strong></span> <span class='ocrx_word' id='word_1_409' title='bbox 1202 2631 1363 2685; x_wconf 89' lang='lat' dir='ltr'><strong>quidem</strong></span> <span class='ocrx_word' id='word_1_410' title='bbox 1397 2645 1448 2671; x_wconf 83' lang='lat' dir='ltr'><strong>ex</strong></span> <span class='ocrx_word' id='word_1_411' title='bbox 1486 2630 1670 2671; x_wconf 86' lang='lat' dir='ltr'><strong>omnibus</strong></span> <span class='ocrx_word' id='word_1_412' title='bbox 1700 2631 1799 2670; x_wconf 86' lang='lat' dir='ltr'><strong>locis</strong></span> <span class='ocrx_word' id='word_1_413' title='bbox 1828 2630 1907 2671; x_wconf 90' lang='lat' dir='ltr'><strong>huc</strong></span> 
     </span>
     <span class='ocr_line' id='line_1_41' title="bbox 101 2699 1907 2756; baseline -0.001 -16"><span class='ocrx_word' id='word_1_414' title='bbox 101 2700 402 2753; x_wconf 86' lang='lat' dir='ltr'><strong>pertinentibus</strong></span> <span class='ocrx_word' id='word_1_415' title='bbox 434 2706 515 2739; x_wconf 87' lang='lat' dir='ltr'><strong>tres</strong></span> <span class='ocrx_word' id='word_1_416' title='bbox 546 2706 700 2739; x_wconf 86' lang='lat' dir='ltr'><strong>tantum</strong></span> <span class='ocrx_word' id='word_1_417' title='bbox 741 2699 824 2755; x_wconf 90' lang='lat' dir='ltr'>(III</span> <span class='ocrx_word' id='word_1_418' title='bbox 857 2703 923 2749; x_wconf 86' lang='lat'><strong>16,</strong></span> <span class='ocrx_word' id='word_1_419' title='bbox 955 2701 1060 2740; x_wconf 92' lang='lat' dir='ltr'><strong>XIV</strong></span> <span class='ocrx_word' id='word_1_420' title='bbox 1093 2703 1161 2749; x_wconf 87' lang='lat'><strong>53,</strong></span> <span class='ocrx_word' id='word_1_421' title='bbox 1193 2702 1344 2741; x_wconf 90' lang='lat' dir='ltr'>XVIII</span> <span class='ocrx_word' id='word_1_422' title='bbox 1382 2700 1454 2756; x_wconf 79' lang='lat'><strong>52)</strong></span> <span class='ocrx_word' id='word_1_423' title='bbox 1487 2708 1580 2742; x_wconf 88' lang='lat' dir='ltr'><strong>ante</strong></span> <span class='ocrx_word' id='word_1_424' title='bbox 1609 2700 1848 2740; x_wconf 84' lang='lat' dir='ltr'><strong>vocabulum</strong></span> <span class='ocrx_word' id='word_1_425' title='bbox 1883 2715 1907 2739; x_wconf 90' lang='lat' dir='ltr'><strong>a</strong></span> 
     </span>
    </p>
   </div>
   <div class='ocr_carea' id='block_1_4' title="bbox 100 2805 380 2811">
    <p class='ocr_par' dir='ltr' id='par_1_6' title="bbox 100 2805 380 2811">
     <span class='ocr_line' id='line_1_42' title="bbox 100 2805 380 2811; baseline 0 0"><span class='ocrx_word' id='word_1_426' title='bbox 100 2805 380 2811; x_wconf 95' lang='lat' dir='ltr'><strong> </strong></span> 
     </span>
    </p>
   </div>
   <div class='ocr_carea' id='block_1_5' title="bbox 217 2861 769 2964">
    <p class='ocr_par' dir='ltr' id='par_1_7' title="bbox 217 2861 769 2964">
     <span class='ocr_line' id='line_1_43' title="bbox 219 2861 733 2906; baseline 0 -11"><span class='ocrx_word' id='word_1_427' title='bbox 219 2863 244 2906; x_wconf 86' lang='lat'><strong>¹)</strong></span> <span class='ocrx_word' id='word_1_428' title='bbox 272 2862 325 2895; x_wconf 82' lang='lat' dir='ltr'><strong>cf.</strong></span> <span class='ocrx_word' id='word_1_429' title='bbox 351 2861 485 2895; x_wconf 86' lang='lat' dir='ltr'><strong>Benek.</strong></span> <span class='ocrx_word' id='word_1_430' title='bbox 513 2861 537 2894; x_wconf 94' lang='lat'><strong>1.</strong></span> <span class='ocrx_word' id='word_1_431' title='bbox 564 2872 594 2894; x_wconf 87' lang='lat' dir='ltr'><strong>c.</strong></span> <span class='ocrx_word' id='word_1_432' title='bbox 618 2872 652 2904; x_wconf 91' lang='lat' dir='ltr'><strong>p.</strong></span> <span class='ocrx_word' id='word_1_433' title='bbox 678 2865 733 2895; x_wconf 83' lang='lat'><strong>42.</strong></span> 
     </span>
     <span class='ocr_line' id='line_1_44' title="bbox 217 2919 769 2964; baseline -0.002 -11"><span class='ocrx_word' id='word_1_434' title='bbox 217 2920 244 2962; x_wconf 86' lang='lat'><strong>²)</strong></span> <span class='ocrx_word' id='word_1_435' title='bbox 271 2921 415 2961; x_wconf 83' lang='lat' dir='ltr'><strong>Quaest.</strong></span> <span class='ocrx_word' id='word_1_436' title='bbox 440 2919 556 2953; x_wconf 79' lang='lat' dir='ltr'><strong>Noun.</strong></span> <span class='ocrx_word' id='word_1_437' title='bbox 583 2920 600 2952; x_wconf 94' lang='lat' dir='ltr'>I</span> <span class='ocrx_word' id='word_1_438' title='bbox 626 2922 668 2953; x_wconf 85' lang='lat'><strong>15</strong></span> <span class='ocrx_word' id='word_1_439' title='bbox 695 2931 769 2964; x_wconf 89' lang='lat' dir='ltr'><strong>sqq.</strong></span> 
     </span>
    </p>
   </div>
   <div class='ocr_carea' id='block_1_6' title="bbox 899 2780 2051 3341">
    <p class='ocr_par' dir='ltr' id='par_1_8' title="bbox 899 2780 2051 3341">
     <span class='ocr_line' id='line_1_45' title="bbox 899 2780 2051 3341; baseline 0 0"><span class='ocrx_word' id='word_1_440' title='bbox 899 2780 2051 3341; x_wconf 95' lang='lat' dir='ltr'><strong> </strong></span> 
     </span>
    </p>
   </div>
  </div>
 </body>
</html>
