2051 3341
84 42 176 111 '88

114 212 256 238 versus
287 199 438 239 heroici
469 199 575 252 pede
607 214 687 239 non
727 201 858 238 minus
903 198 1143 238 adamarunt
1173 197 1395 250 spondeum
1428 212 1550 252 quam
1579 201 1623 239 in
1651 200 1781 259 primo
1799 199 1842 250 1),
1884 199 1927 239 id
1975 218 1979 222 ,
2004 188 2051 219 2:35

115 281 228 321 vero,
251 267 359 320 quod
381 268 424 308 in
446 268 550 322 pede
570 270 698 321 primo
721 267 899 308 eiusdem
920 268 1078 319 generis
1099 266 1384 320 productiones
1404 273 1468 307 sat
1482 282 1639 321 paucae
1650 270 1920 323 reperiuntur,

117 337 212 378 huic
243 338 507 391 explicationi
539 352 618 378 non
650 342 861 390 repugnat.
903 336 1088 390 syllabae
1125 336 1231 375 enim
1262 335 1404 376 mediis
1434 337 1478 376 in
1508 337 1676 379 vocibus
1706 338 1925 389 productae

117 409 282 448 omnino
306 410 435 448 minus
456 413 576 460 aptae
589 414 693 460 sunt,
719 421 820 459 quae
840 407 881 446 in
903 407 1007 446 thesi
1027 407 1157 459 prima
1177 412 1391 459 ponantur.
1413 420 1507 451 nam
1527 407 1605 447 hoc
1623 409 1659 447 si
1674 409 1735 458 fit,
1769 422 1926 463 semper
1965 460 1972 463 ἡ

121 484 192 518 aut
224 478 393 518 alterum
426 477 556 517 locum
588 477 628 516 in
659 475 856 516 vocabulo
894 490 919 516 a
948 477 1070 529 longa
1099 475 1260 529 syllaba
1290 476 1509 529 incipiente
1537 481 1675 518 teneat
1705 478 1790 518 eius
1820 478 1927 519 modi

118 549 278 602 syllaba
302 561 464 587 necesse
495 554 566 597 est,
598 552 668 586 aut
697 548 740 586 in
770 560 910 586 versus
941 547 1055 587 initio
1086 547 1231 586 vocula
1262 546 1509 587 conlocanda
1540 553 1599 586 est
1628 547 1922 602 monosyllaba.

238 617 427 656 Proxime
471 616 521 655 ad
564 616 709 657 thesim
754 617 933 665 alteram,
977 618 1011 655 si
1047 617 1299 669 frequentiae
1329 615 1648 669 productionum,
1694 616 1744 656 de
1775 613 1919 671 quibus

119 700 248 727 sermo
292 692 362 736 est,
407 686 602 726 rationem
645 686 854 742 habemus,
900 686 1056 726 accedit
1092 686 1216 726 thesis
1254 692 1410 739 quarta,
1455 684 1677 739 eodemque
1714 686 1832 726 modo
1863 702 1927 728 res

116 770 159 795 se
189 757 310 795 habet
341 757 462 795 etiam
492 757 533 795 in
566 756 748 805 aliorum,
782 770 881 808 quos
913 757 1237 804 commemoravi,
1274 762 1484 808 poetarum
1515 756 1768 797 carminibus,
1809 757 1918 809 apud

116 825 375 865 Theocritum
417 840 526 875 vero,
574 826 608 864 si
654 826 924 879 frequentiam
974 839 1163 866 caesurae
1205 825 1413 865 bucolicae
1453 825 1679 878 respexeris
1722 840 1918 881 usumque

116 896 385 948 spondeorum
428 897 469 934 in
513 896 616 949 pede
661 902 801 948 quarto
844 897 1083 945 restrictum,
1130 897 1260 948 primo
1304 895 1446 934 obtutu
1482 894 1585 946 illud
1615 897 1758 934 mirum
1789 897 1919 936 videri

116 971 265 1020 potest.
310 965 381 1006 sed
424 966 527 1006 inter
558 967 671 1006 varia
708 967 927 1006 carminum
958 979 1109 1019 genera
1139 966 1216 1005 hac
1242 966 1287 1005 in
1318 979 1361 1005 re
1392 970 1454 1005 sat
1484 978 1674 1017 magnum
1705 965 1920 1006 intercedit

118 1037 349 1076 discrimen.
396 1037 550 1089 edyllia
593 1038 699 1075 enim
737 1038 895 1088 generis
939 1036 1071 1076 bucol.
1104 1041 1143 1075 et
1174 1037 1296 1083 mim„
1337 1035 1481 1087 quibus
1513 1035 1690 1073 carmina
1720 1036 1836 1088 epica
1865 1037 1924 1076 in·

119 1106 280 1145 cisionis
310 1106 518 1145 bucolicae
548 1106 776 1159 frequentia
806 1107 932 1145 multo
963 1112 1215 1158 superantur,
1255 1106 1297 1143 in
1335 1119 1397 1143 vv.
1435 1103 1691 1144 MCOOXIX
1721 1117 1803 1144 non
1832 1105 1924 1158 plus

119 1176 224 1215 VIII
256 1176 341 1216 eius
373 1175 480 1215 modi
511 1175 796 1228 productiones
826 1177 867 1214 in
898 1175 1002 1228 pede
1034 1180 1176 1228 quarto
1209 1173 1419 1224 exhibent;
1451 1173 1628 1213 carmina
1654 1179 1790 1214 autem
1813 1174 1926 1227 epica

119 1247 161 1284 in
191 1259 260 1287 vv.
291 1245 478 1285 MLVIII
508 1244 660 1284 habent
689 1245 973 1298 productiones
1003 1244 1123 1284 XIX.

234 1315 408 1355 Vocales
453 1327 565 1363 vero,
610 1328 714 1367 quae
756 1315 798 1354 in
841 1315 945 1354 thesi
985 1315 1104 1354 tertia
1140 1313 1282 1353 mediis
1319 1314 1360 1352 in
1391 1312 1558 1352 vocibus
1596 1317 1705 1352 muta
1741 1327 1775 1353 c.
1806 1313 1834 1353 l.
1866 1314 1925 1353 in-

117 1391 311 1437 sequente
331 1384 618 1438 producuntur,
635 1398 770 1424 omnes
792 1391 931 1424 extant
952 1386 995 1424 in
1018 1384 1226 1423 vocabulis
1247 1389 1314 1422 aut
1335 1382 1503 1436 spondei
1525 1384 1691 1422 formam
1712 1388 1782 1422 aut
1801 1383 1923 1422 ionici

118 1469 142 1493 a
164 1455 313 1495 maiore
335 1454 630 1504 exhibentibus,
645 1454 686 1493 id
706 1454 811 1507 quod
833 1453 963 1493 studio
992 1453 1180 1496 vitandae
1203 1466 1391 1496 caesurae
1411 1452 1527 1506 pedis
1549 1454 1680 1506 quarti
1699 1452 1925 1493 trochaicae

119 1524 408 1579 explicandum
441 1530 518 1574 est;
552 1524 723 1564 eandem
753 1526 947 1564 rationem
978 1524 1053 1564 hac
1083 1525 1124 1563 in
1155 1537 1199 1563 re
1230 1529 1388 1563 secutus
1419 1528 1479 1563 est
1510 1520 1838 1578 Callimachus2).

236 1594 527 1634 Productiones
559 1595 750 1647 denique,
781 1607 885 1646 quae
917 1600 1058 1634 extant
1087 1595 1128 1633 in
1157 1593 1262 1633 thesi
1284 1593 1437 1646 quinta,
1473 1605 1611 1632 omnes
1632 1593 1716 1632 fere
1737 1593 1925 1645 leguntur

117 1668 158 1704 in
204 1663 366 1717 edylliis
411 1665 547 1718 epicis,
591 1665 630 1704 in
677 1663 822 1717 quibus
853 1677 1043 1704 versuum
1080 1663 1386 1717 spondiacorum
1417 1675 1533 1702 usum
1562 1662 1758 1702 latissime
1788 1668 1926 1717 patere

118 1748 242 1789 supra
272 1733 456 1773 vidimus.

232 1804 319 1843 Iam
360 1803 532 1842 indicem
575 1802 897 1856 productionum,
931 1817 1029 1856 quas
1073 1803 1243 1855 conlegi,
1261 1797 1498 1856 ⁴'proponam
1542 1802 1599 1842 ita
1641 1808 1927 1855 comparatum,

116 1880 160 1914 ut
204 1887 284 1913 non
331 1872 460 1912 solum
503 1873 688 1925 quotiens
731 1886 918 1927 quaeque
961 1886 1012 1912 ex
1056 1873 1239 1912 consonis
1269 1871 1445 1925 liquidis,
1491 1871 1561 1912 sed
1592 1871 1712 1912 etiam
1744 1872 1928 1925 quotiens

115 1944 299 1996 singulae
350 1955 614 1981 consonarum
662 1947 861 1982 mutarum
914 1956 1003 1982 cum
1053 1937 1216 1995 liquidis
1267 1942 1477 1982 iuncturae
1522 1942 1563 1982 in
1607 1941 1805 1994 exemplis
1848 1940 1929 1982 illis

125 2014 389 2067 reperiantur,
422 2025 472 2051 ex
504 2025 551 2051 eo
583 2012 757 2052 eluceat:

158 2133 395 2158 consonarum
470 2145 506 2177 in
532 2155 583 2177 cc.
609 2144 690 2178 buc.
742 2146 779 2177 in
804 2156 853 2178 cc.
884 2146 968 2177 mim
1027 2146 1065 2178 in
1091 2156 1142 2178 cc.
1171 2146 1280 2189 epicis
1345 2133 1383 2155 m
1409 2122 1572 2156 ⁰¹¹¹mbu⁵

1660 2146 1698 2177 in
1723 2155 1774 2178 cc.
1800 2144 1884 2179 dub.

187 2182 374 2214 iuncturae
1297 2180 1452 2231 'Theocn
1469 2191 1519 2214 cc.
1537 2183 1627 2235 gem!
1746 2196 1750 2199 ·
1941 2192 1945 2194 “

263 2321 302 2362 γλ
550 2337 592 2342 -
1747 2336 1790 2342 -

263 2379 302 2410 κλ
574 2378 592 2410 7
1771 2379 1789 2409 1

256 2437 301 2469 πλ
573 2437 594 2467 4
1771 2436 1788 2467 1

265 2494 303 2526 τλ
549 2511 592 2517 -
1747 2511 1790 2517 -.

257 2553 302 2594 φλ
549 2569 593 2575 -
1771 2555 1787 2584 1

1768 2623 1788 2655 3

235 2703 259 2745 ¹)
287 2702 344 2735 De
368 2702 547 2735 Theocriti
572 2711 676 2734 versu
708 2701 777 2746 hoc
802 2701 1119 2735 demonstravimus
1145 2713 1178 2745 p.
1205 2704 1261 2735 21.
1286 2702 1323 2734 in
1348 2701 1496 2735 Homeri
1520 2704 1556 2734 et
1583 2701 1706 2741 Quinti
1731 2701 1915 2745 Smyrnaei

113 2761 329 2795 carminibus
366 2772 441 2794 rem
476 2761 528 2793 ita
564 2771 602 2793 se
637 2759 770 2793 habere
796 2760 950 2793 ostendit
974 2760 1014 2793 A.
1039 2760 1212 2793 Ludwich
1236 2760 1327 2793 Ann.
1354 2758 1438 2803 phil.
1465 2759 1547 2793 CIX
1571 2761 1638 2794 247
1664 2770 1714 2803 sq.
1740 2770 1783 2793 ac
1807 2772 1922 2804 nuper

113 2822 150 2852 in
176 2819 265 2852 libro
291 2818 505 2851 ‘Aristarchs
530 2817 674 2850 Homer.
700 2817 882 2851 Textkrit'.
920 2818 957 2850 11
997 2819 1064 2851 326
1101 2828 1189 2860 sqq„
1214 2817 1277 2850 ubi
1293 2817 1414 2856 ,etiam
1444 2818 1629 2855 inversus
1653 2818 1811 2850 omnium
1837 2828 1924 2861 poe-

112 2882 232 2913 tarum
259 2878 453 2922 epicorum,
478 2877 541 2921 qui
564 2875 790 2911 inferioribus
814 2877 1033 2921 temporibus
1057 2877 1262 2920 floruerunt,
1287 2876 1445 2921 inquirit.

230 2936 258 2979 ²)
285 2936 338 2969 Cf.
368 2936 529 2978 exempla
555 2935 805 2978 Callimachea,
832 2946 924 2978 quae
951 2936 1130 2978 congessit
1152 2936 1253 2978 Hesp
1278 2935 1301 2968 l.
1328 2946 1356 2967 c.
1383 2946 1418 2977 p.
1443 2938 1499 2968 36.
